Customer ID,Customer Age,Gender,Education,Marital Status,Income Category,Income Numeric,Snapshot Month,Month on Book,Credit_Limit,Utilization,FICO,external_bank_credit_card_max_util_greater_than_50,external_bank_credit_card_max_util_greater_than_90,Credit_Inquiries,Delinquency,Revolving_Bal,Total_Debt,Debt_to_Income_Ratio,Interchange Fee,Late_Fee_Revenue,Monthly_Interest_Revenue,Annual_Fee,Total Revenue,Delinquency_Weight,ECL Ratio,ECL,ECL MoM Charge,Profit,Cumulative Profit,MoM Cumulative Profit Change
105383,32,M,College,Single,$100k to $120k,112500.0,2017-07-31,1,13100,0.1897459219044406,751.0,0,0,0,0,0.0,12625.446799884377,0.03239083369092894,49.713431538963434,0,0.0,0,49.713431538963434,0.05,0.05,124.28357884740859,124.28357884740859,-74.57014730844516,-74.57014730844516,-74.57014730844516
105383,32,M,College,Single,$100k to $120k,112500.0,2017-08-31,2,13100,0.13273545089790323,753.0,0,0,0,0,0.0,12321.782734031918,0.03239083369092894,34.776688135250645,0,0.0,0,34.776688135250645,0.05,0.05,86.94172033812661,-37.34185850928198,72.11854664453261,-2.4516006639125436,72.11854664453261
105383,32,M,College,Single,$100k to $120k,112500.0,2017-09-30,3,13100,0.1921401611680013,751.0,0,0,0,0,0.0,12018.11866817946,0.03239083369092894,50.34072222601634,0,0.0,0,50.34072222601634,0.05,0.05,125.85180556504086,38.91008522691425,11.430636999102092,8.979036335189548,11.430636999102092
105383,32,M,College,Single,$100k to $120k,112500.0,2017-10-31,4,13100,0.15154887621109236,752.0,0,0,0,0,0.0,11714.454602327001,0.03239083369092894,39.7058055673062,0,0.0,0,39.7058055673062,0.05,0.05,99.2645139182655,-26.58729164677537,66.29309721408157,75.27213354927112,66.29309721408157
105383,32,M,College,Single,$100k to $120k,112500.0,2017-11-30,5,13100,0.14560483393220694,753.0,0,0,0,0,0.0,11410.790536474542,0.03239083369092894,38.14846649023822,0,0.0,0,38.14846649023822,0.05,0.05,95.37116622559554,-3.8933476926699484,42.04181418290817,117.31394773217929,42.04181418290817
105383,32,M,College,Single,$100k to $120k,112500.0,2017-12-31,6,13100,0.1829419579753196,751.0,0,0,0,0,0.0,11107.126470622083,0.03239083369092894,47.93079298953373,0,0.0,0,47.93079298953373,0.05,0.05,119.82698247383433,24.45581624823879,23.474976741294938,140.78892447347422,23.474976741294938
105383,33,M,College,Single,$100k to $120k,112500.0,2018-01-31,7,13100,0.17189711805537927,752.0,0,0,0,0,0.0,10803.462404769625,0.03239083369092894,45.037044930509374,0,0.0,0,45.037044930509374,0.05,0.05,112.59261232627343,-7.2343701475609095,52.271415078070284,193.0603395515445,52.27141507807028
105383,33,M,College,Single,$100k to $120k,112500.0,2018-02-28,8,13100,0.1857432605493804,751.0,0,0,0,0,0.0,10499.798338917166,0.03239083369092894,48.66473426393766,0,0.0,0,48.66473426393766,0.05,0.05,121.66183565984416,9.069223333570733,39.59551093036693,232.65585048191144,39.59551093036694
105383,33,M,College,Single,$100k to $120k,112500.0,2018-03-31,9,13100,0.147547124887588,753.0,0,0,0,0,0.0,10196.134273064707,0.03239083369092894,38.657346720548055,0,0.0,0,38.657346720548055,0.05,0.05,96.64336680137015,-25.01846885847401,63.675815579022064,296.3316660609335,63.67581557902207
105383,33,M,College,Single,$100k to $120k,112500.0,2018-04-30,10,13100,0.1652737457582649,752.0,0,0,0,0,0.0,9892.470207212249,0.03239083369092894,43.3017213886654,0,0.0,0,43.3017213886654,0.05,0.05,108.2543034716635,11.610936670293356,31.690784718372043,328.0224507793056,31.690784718372072
105383,33,M,College,Single,$100k to $120k,112500.0,2018-05-31,11,13100,0.16582981201886934,752.0,0,0,0,0,0.0,9588.80614135979,0.03239083369092894,43.44741074894377,0,0.0,0,43.44741074894377,0.05,0.05,108.61852687235942,0.36422340069591996,43.08318734824785,371.10563812755345,43.08318734824786
105383,33,M,College,Single,$100k to $120k,112500.0,2018-06-30,12,13100,0.1828188568591696,751.0,0,0,0,0,0.0,9285.14207550733,0.03239083369092894,47.89854049710243,0,0.0,100,147.89854049710243,0.05,0.05,119.74635124275609,11.127824370396667,136.77071612670576,507.87635425425924,136.7707161267058
105383,33,M,College,Single,$100k to $120k,112500.0,2018-07-31,13,13100,0.16182653339463832,752.0,0,0,0,0,0.0,8981.478009654871,0.03239083369092894,42.39855174939524,0,0.0,0,42.39855174939524,0.05,0.05,105.9963793734881,-13.749971869267995,56.14852361866323,564.0248778729225,56.14852361866326
105383,33,M,College,Single,$100k to $120k,112500.0,2018-08-31,14,13100,0.1823621181053824,751.0,0,0,0,0,0.0,8677.813943802414,0.03239083369092894,47.77887494361019,0,0.0,0,47.77887494361019,0.05,0.05,119.44718735902546,13.450807985537367,34.328066958072824,598.3529448309953,34.32806695807278
105383,33,M,College,Single,$100k to $120k,112500.0,2018-09-30,15,13100,0.17315767051870162,752.0,0,0,0,0,0.0,8374.149877949954,0.03239083369092894,45.367309675899826,0,0.0,0,45.367309675899826,0.05,0.05,113.41827418974957,-6.028913169275896,51.39622284517572,649.749167676171,51.39622284517577
105383,33,M,College,Single,$100k to $120k,112500.0,2018-10-31,16,13100,0.17745906674296205,751.0,0,0,0,0,0.0,8070.485812097495,0.03239083369092894,46.494275486656065,0,0.0,0,46.494275486656065,0.05,0.05,116.23568871664014,2.8174145268905733,43.67686095976549,693.4260286359365,43.67686095976546
105383,33,M,College,Single,$100k to $120k,112500.0,2018-11-30,17,13100,0.14518092934690086,753.0,0,0,0,0,0.0,7766.821746245037,0.03239083369092894,38.037403488888025,0,0.0,0,38.037403488888025,0.05,0.05,95.09350872222007,-21.142179994420076,59.1795834833081,752.6056121192446,59.17958348330808
105383,33,M,College,Single,$100k to $120k,112500.0,2018-12-31,18,13100,0.17154256410221932,752.0,0,0,0,0,0.0,7463.157680392578,0.03239083369092894,44.94415179478147,0,0.0,0,44.94415179478147,0.05,0.05,112.36037948695366,17.266870764733596,27.677281030047872,780.2828931492925,27.67728103004788
105383,34,M,College,Single,$100k to $120k,112500.0,2019-01-31,19,13100,0.17789232929877755,751.0,0,0,0,0,0.0,7159.493614540119,0.03239083369092894,46.60779027627972,0,0.0,0,46.60779027627972,0.05,0.05,116.5194756906993,4.159096203745634,42.44869407253409,822.7315872218265,42.44869407253407
105383,34,M,College,Single,$100k to $120k,112500.0,2019-02-28,20,13100,0.19735733888095947,751.0,0,0,0,0,0.0,6855.8295486876605,0.03239083369092894,51.707622786811385,0,0.0,0,51.707622786811385,0.05,0.05,129.26905696702846,12.749581276329167,38.95804151048222,861.6896287323087,38.95804151048219
105383,34,M,College,Single,$100k to $120k,112500.0,2019-03-31,21,13100,0.17700765758830236,751.0,0,0,0,0,0.0,6552.165482835201,0.03239083369092894,46.37600628813522,0,0.0,0,46.37600628813522,0.05,0.05,115.94001572033805,-13.329041246690409,59.70504753482563,921.3946762671344,59.70504753482567
105383,34,M,College,Single,$100k to $120k,112500.0,2019-04-30,22,13100,0.14963763549118841,753.0,0,0,0,0,0.0,6248.501416982743,0.03239083369092894,39.20506049869137,0,0.0,0,39.20506049869137,0.05,0.05,98.01265124672841,-17.927364473609643,57.13242497230101,978.5271012394354,57.13242497230101
105383,34,M,College,Single,$100k to $120k,112500.0,2019-05-31,23,13100,0.19045412448718163,751.0,0,0,0,0,0.0,5944.837351130283,0.03239083369092894,49.898980615641584,0,0.0,0,49.898980615641584,0.05,0.05,124.74745153910396,26.734800292375553,23.16418032326603,1001.6912815627014,23.16418032326601
105383,34,M,College,Single,$100k to $120k,112500.0,2019-06-30,24,13100,0.14807392703731026,753.0,0,0,0,0,0.0,5641.173285277825,0.03239083369092894,38.79536888377529,0,0.0,100,138.7953688837753,0.05,0.05,96.98842220943823,-27.759029329665736,166.55439821344103,1168.2456797761424,166.554398213441
105383,34,M,College,Single,$100k to $120k,112500.0,2019-07-31,25,13100,0.16926971302983607,752.0,0,0,0,0,0.0,5337.509219425367,0.03239083369092894,44.34866481381705,0,0.0,0,44.34866481381705,0.05,0.05,110.87166203454262,13.883239825104397,30.465424988712655,1198.711104764855,30.465424988712584
105383,34,M,College,Single,$100k to $120k,112500.0,2019-08-31,26,13100,0.19217486753937393,751.0,0,0,0,0,0.0,5033.845153572907,0.03239083369092894,50.34981529531597,0,0.0,0,50.34981529531597,0.05,0.05,125.87453823828993,15.002876203747306,35.346939091568665,1234.0580438564236,35.34693909156863
105383,34,M,College,Single,$100k to $120k,112500.0,2019-09-30,27,13100,0.13337132935960844,753.0,0,0,0,0,0.0,4730.181087720449,0.03239083369092894,34.94328829221741,0,0.0,0,34.94328829221741,0.05,0.05,87.35822073054352,-38.51631750774641,73.45960579996381,1307.5176496563874,73.45960579996381
105383,34,M,College,Single,$100k to $120k,112500.0,2019-10-31,28,13100,0.13551915995789868,753.0,0,0,0,0,0.0,4426.5170218679905,0.03239083369092894,35.50601990896945,0,0.0,0,35.50601990896945,0.05,0.05,88.76504977242364,1.4068290418801155,34.099190867089334,1341.6168405234769,34.09919086708942
105383,34,M,College,Single,$100k to $120k,112500.0,2019-11-30,29,13100,0.1965371562024717,750.0,0,0,3,0,0.0,308971.0368986932,0.28611899148224,51.49273492504759,0,0.0,0,51.49273492504759,0.05,0.05,128.73183731261895,39.96678754019531,11.52594738485228,1353.1427879083292,11.525947384852316
105383,34,M,College,Single,$100k to $120k,112500.0,2019-12-31,30,13100,0.16283774182123625,750.0,0,0,3,0,0.0,306592.33541939966,0.28611899148224,42.6634883571639,0,0.0,0,42.6634883571639,0.05,0.05,106.65872089290974,-22.07311641970921,64.73660477687311,1417.8793926852022,64.73660477687304
105383,35,M,College,Single,$100k to $120k,112500.0,2020-01-31,31,13100,0.1533349865032628,750.0,0,0,3,0,0.0,304213.6339401061,0.28611899148224,40.173766463854854,0,0.0,0,40.173766463854854,0.05,0.05,100.43441615963714,-6.224304733272604,46.39807119712746,1464.2774638823296,46.398071197127365
105383,35,M,College,Single,$100k to $120k,112500.0,2020-02-29,32,13100,0.15409314750216746,750.0,0,0,3,0,0.0,301834.93246081256,0.28611899148224,40.372404645567876,0,0.0,0,40.372404645567876,0.05,0.05,100.93101161391968,0.4965954542825415,39.875809191285335,1504.1532730736149,39.87580919128527
105383,35,M,College,Single,$100k to $120k,112500.0,2020-03-31,33,13100,0.29267957842363995,750.0,1,0,3,0,3258.987105747231,304906.35056352906,0.355644049738181,76.68204954699367,0,66.83639389369947,0,143.51844344069315,0.05,0.2,766.8204954699366,665.889483856017,-522.3710404153239,981.7822326582909,-522.3710404153239
105383,35,M,College,Single,$100k to $120k,112500.0,2020-04-30,34,13100,0.31516259491778426,745.0,1,0,3,0,3509.3354944095277,302044.01131687977,0.3609848153629766,82.57259986845948,0,71.97062209784873,0,154.5432219663082,0.05,0.2,825.7259986845947,58.9055032146581,95.63771875165011,1077.419951409941,95.63771875165003
105383,35,M,College,Single,$100k to $120k,112500.0,2020-05-31,35,13100,0.33647223521448827,745.0,1,0,3,0,3746.618339113327,301933.9854414446,0.3660468493833243,88.15572562619593,0,76.8368977713158,0,164.99262339751175,0.05,0.2,881.5572562619593,55.83125757736457,109.16136582014718,1186.5813172300882,109.16136582014724
105383,35,M,College,Single,$100k to $120k,112500.0,2020-06-30,36,13100,0.35807048263893787,745.0,1,0,3,0,3987.114824184573,301989.3542078643,0.3711774410648443,93.81446645140171,0,81.76907985265196,100,275.5835463040537,0.05,0.2,938.1446645140172,56.58740825205791,218.99613805199579,1405.577455282084,218.99613805199579
105383,35,M,College,Single,$100k to $120k,112500.0,2020-07-31,37,13100,0.3717296543055962,745.0,1,0,3,0,4139.209700692813,301983.02520638576,0.3744221317636867,97.3931694280662,0,84.88829227837512,0,182.28146170644132,0.05,0.2,973.931694280662,35.787029766644764,146.49443193979656,1552.0718872218806,146.49443193979664
105383,35,M,College,Single,$100k to $120k,112500.0,2020-08-31,38,13100,0.3937420087736568,745.0,1,0,3,0,4384.317267694668,301919.28001371445,0.3796510931930596,103.16040629869808,0,89.91503996497148,0,193.07544626366956,0.05,0.2,1031.6040629869808,57.67236870631882,135.40307755735074,1687.4749647792314,135.4030775573508
105383,35,M,College,Single,$100k to $120k,112500.0,2020-09-30,39,13100,0.4172117914703005,740.0,1,0,3,0,4645.653298021796,302028.43396114244,0.38522626184003833,109.30948936521874,0,95.27460638693034,0,204.5840957521491,0.05,0.2,1093.0948936521875,61.49083066520666,143.09326508694244,1830.5682298661739,143.09326508694244
105383,35,M,College,Single,$100k to $120k,112500.0,2020-10-31,40,13100,0.4341525274741517,740.0,1,0,3,0,4834.288393424679,301999.2035936599,0.3892504772086332,113.74796219822774,0,99.14319780181779,0,212.89116000004555,0.05,0.2,1137.4796219822774,44.384728330089956,168.5064316699556,1999.0746615361295,168.50643166995565
105383,35,M,College,Single,$100k to $120k,112500.0,2020-11-30,41,13100,0.429140211886173,740.0,2,1,4,0,4778.4762593525365,301725.89234363515,0.3880598183484275,112.43473551417733,0,97.99858395222161,0,210.43331946639893,0.05,0.35,1967.6078714981033,830.1282495158259,-619.6949300494271,1379.3797314867024,-619.6949300494271
105383,35,M,College,Single,$100k to $120k,112500.0,2020-12-31,42,13100,0.4701403585541886,740.0,2,1,4,0,5235.01289250089,302228.234087683,0.39779926652225905,123.17677394119742,0,107.36138940370576,0,230.53816334490318,0.05,0.35,2155.5935439709547,187.98567247285132,42.55249087205186,1421.9322223587542,42.55249087205175
105383,36,M,College,Single,$100k to $120k,112500.0,2021-01-31,43,13100,0.5246901114509495,735.0,2,1,4,0,5842.424391006322,302248.05951721495,0.4107573784903749,137.46880920014877,0,119.81838688555466,0,257.28719608570344,0.05,0.35,2405.704161002603,250.11061703164842,7.176579054055026,1429.1088014128093,7.1765790540550825
105383,36,M,College,Single,$100k to $120k,112500.0,2021-02-28,44,13100,0.6300934021935573,730.0,3,2,4,0,7016.09003342526,302842.4360548332,0.5106338725518483,165.08447137471202,0,143.88831310216304,0,308.97278447687506,0.05,0.49999999999999994,4127.111784367799,1721.4076233651963,-1412.4348388883213,16.673962524487933,-1412.4348388883213
105383,36,M,College,Single,$100k to $120k,112500.0,2021-03-31,45,13100,0.7072873209949483,725.0,3,2,4,0,7875.644319278749,302642.4017544674,0.53813960969916,185.30927810067647,0,161.51633891454168,0,346.82561701521814,0.05,0.49999999999999994,4632.7319525169105,505.6201681491111,-158.79455113389298,-142.12058860940505,-158.79455113389298
105383,36,M,College,Single,$100k to $120k,112500.0,2021-04-30,46,13100,0.7705380229268164,725.0,3,2,4,0,8579.9408852901,302421.6307170741,0.5606770998115232,201.8809620068259,0,175.96028765582446,0,377.8412496626504,0.05,0.49999999999999994,5047.024050170647,414.29209765373616,-36.450847991085766,-178.5714366004908,-36.450847991085766
105383,36,M,College,Single,$100k to $120k,112500.0,2021-05-31,47,13100,0.8443358386904416,720.0,3,2,4,0,9401.679563818067,302540.8264848839,0.5869727375244183,221.2159897368957,0,192.81277838796885,0,414.02876812486454,0.05,0.49999999999999994,5530.399743422392,483.37569325174536,-69.34692512688082,-247.91836172737163,-69.34692512688082
105383,36,M,College,Single,$100k to $120k,112500.0,2021-06-30,48,13100,0.9171606980098379,695.0,3,2,4,1,10212.584372339545,302534.20801116497,0.6129216913971055,240.29610287857756,30,0.0,100,370.2961028785776,0.15,0.6,7208.883086357326,1678.4833429349337,-1308.1872400563561,-1556.1056017837277,-1308.1872400563561
105383,36,M,College,Single,$100k to $120k,112500.0,2021-07-31,49,13100,0.9634307352764873,675.0,4,4,4,2,12620.942632121983,304139.1417779934,0.8246125437861115,46.6112462210651,30,0.0,0,76.6112462210651,0.4,0.9,11358.848368909785,4149.965282552459,-4073.354036331394,-5629.459638115122,-4073.3540363313946
105383,36,M,College,Single,$100k to $120k,112500.0,2021-08-31,50,13100,0.9719086799264276,655.0,4,4,4,3,12732.003707036201,301768.167114618,0.8293511496491179,1.5886411167157133,30,0.0,0,31.588641116715714,0.65,0.9,11458.803336332581,99.95496742279647,-68.36632630608077,-5697.825964421203,-68.36632630608074
105383,36,M,College,Single,$100k to $120k,112500.0,2021-09-30,51,13100,0.9824487179394434,635.0,4,4,4,4,12732.003707036201,301756.9791241368,0.8293511496491179,0.0,0,0.0,0,0.0,0.72,0.9,11583.070384506038,124.26704817345671,-124.26704817345671,-5822.09301259466,-124.26704817345671
105383,36,M,College,Single,$100k to $120k,112500.0,2021-10-31,52,13100,0.9892683877181528,615.0,4,4,4,5,12732.003707036201,301655.1739168369,0.8293511496491179,0.0,0,0.0,0,0.0,0.8,0.9,11663.474291197022,80.40390669098451,-80.40390669098451,-5902.496919285644,-80.40390669098451
105383,36,M,College,Single,$100k to $120k,112500.0,2021-11-30,53,13100,0.99,595.0,4,4,4,6,12732.003707036201,301771.56160858314,0.8293511496491179,0.0,0,0.0,0,0.0,0.84,0.9,11672.1,8.625708802977897,-8.625708802977897,-5911.122628088622,-8.625708802977897
105383,36,M,College,Single,$100k to $120k,112500.0,2021-12-31,54,13100,0.99,575.0,4,4,4,7,12732.003707036201,301819.6942400471,0.8293511496491179,0.0,0,0.0,0,0.0,0.86,0.9,11672.1,0.0,0.0,-5911.122628088622,0.0
105384,32,M,College,Single,$100k to $120k,112500.0,2017-07-31,1,13100,0.16213292599202575,752.0,0,0,0,0,0.0,12701.588083752755,0.0353371798780608,42.47882660991075,0,0.0,0,42.47882660991075,0.05,0.05,106.19706652477687,106.19706652477687,-63.718239914866125,-63.718239914866125,-63.718239914866125
105384,32,M,College,Single,$100k to $120k,112500.0,2017-08-31,2,13100,0.13457836764670542,753.0,0,0,0,0,0.0,12370.302022395936,0.0353371798780608,35.25953232343682,0,0.0,0,35.25953232343682,0.05,0.05,88.14883080859205,-18.04823571618482,53.30776803962164,-10.410471875244482,53.30776803962164
105384,32,M,College,Single,$100k to $120k,112500.0,2017-09-30,3,13100,0.18816185459733892,751.0,0,0,0,0,0.0,12039.015961039115,0.0353371798780608,49.2984059045028,0,0.0,0,49.2984059045028,0.05,0.05,123.24601476125699,35.097183952664935,14.201221951837866,3.7907500765933833,14.201221951837866
105384,32,M,College,Single,$100k to $120k,112500.0,2017-10-31,4,13100,0.16619015305764395,752.0,0,0,0,0,0.0,11707.729899682294,0.0353371798780608,43.541820101102715,0,0.0,0,43.541820101102715,0.05,0.05,108.8545502527568,-14.391464508500192,57.93328460960291,61.72403468619629,57.93328460960291
105384,32,M,College,Single,$100k to $120k,112500.0,2017-11-30,5,13100,0.18385549325633826,751.0,0,0,0,0,0.0,11376.443838325475,0.0353371798780608,48.170139233160626,0,0.0,0,48.170139233160626,0.05,0.05,120.42534808290156,11.57079783014477,36.599341403015856,98.32337608921215,36.599341403015856
105384,32,M,College,Single,$100k to $120k,112500.0,2017-12-31,6,13100,0.17172159021239453,752.0,0,0,0,0,0.0,11045.157776968656,0.0353371798780608,44.99105663564737,0,0.0,0,44.99105663564737,0.05,0.05,112.47764158911842,-7.947706493783144,52.93876312943051,151.26213921864266,52.93876312943051
105384,33,M,College,Single,$100k to $120k,112500.0,2018-01-31,7,13100,0.1820052081906057,751.0,0,0,0,0,0.0,10713.871715611835,0.0353371798780608,47.68536454593869,0,0.0,0,47.68536454593869,0.05,0.05,119.21341136484673,6.735769775728315,40.949594770210375,192.21173398885304,40.94959477021038
105384,33,M,College,Single,$100k to $120k,112500.0,2018-02-28,8,13100,0.13165453778991204,753.0,0,0,0,0,0.0,10382.585654255014,0.0353371798780608,34.493488900956955,0,0.0,0,34.493488900956955,0.05,0.05,86.23372225239238,-32.97968911245435,67.47317801341131,259.68491200226435,67.47317801341131
105384,33,M,College,Single,$100k to $120k,112500.0,2018-03-31,9,13100,0.15467677362888976,752.0,0,0,0,0,0.0,10051.299592898195,0.0353371798780608,40.52531469076912,0,0.0,0,40.52531469076912,0.05,0.05,101.3132867269228,15.079564474530414,25.445750216238707,285.13066221850306,25.445750216238707
105384,33,M,College,Single,$100k to $120k,112500.0,2018-04-30,10,13100,0.19296039754328675,751.0,0,0,0,0,0.0,9720.013531541375,0.0353371798780608,50.55562415634113,0,0.0,0,50.55562415634113,0.05,0.05,126.38906039085282,25.075773663930022,25.47985049241111,310.6105127109142,25.479850492411117
105384,33,M,College,Single,$100k to $120k,112500.0,2018-05-31,11,13100,0.1678833566466025,752.0,0,0,0,0,0.0,9388.727470184554,0.0353371798780608,43.98543944140985,0,0.0,0,43.98543944140985,0.05,0.05,109.96359860352464,-16.425461787328175,60.41090122873803,371.02141393965223,60.410901228738055
105384,33,M,College,Single,$100k to $120k,112500.0,2018-06-30,12,13100,0.19254828350134473,751.0,0,0,0,0,0.0,9057.441408827734,0.0353371798780608,50.447650277352324,0,0.0,100,150.44765027735232,0.05,0.05,126.1191256933808,16.15552708985615,134.29212318749617,505.3135371271484,134.29212318749614
105384,33,M,College,Single,$100k to $120k,112500.0,2018-07-31,13,13100,0.13397702912120124,753.0,0,0,0,0,0.0,8726.155347470914,0.0353371798780608,35.101981629754725,0,0.0,0,35.101981629754725,0.05,0.05,87.75495407438682,-38.36417161899398,73.4661532487487,578.7796903758971,73.4661532487487
105384,33,M,College,Single,$100k to $120k,112500.0,2018-08-31,14,13100,0.18654485755412203,751.0,0,0,0,0,0.0,8394.869286114095,0.0353371798780608,48.87475267917998,0,0.0,0,48.87475267917998,0.05,0.05,122.18688169794993,34.43192762356311,14.442825055616865,593.2225154315139,14.442825055616822
105384,33,M,College,Single,$100k to $120k,112500.0,2018-09-30,15,13100,0.18295962004428173,751.0,0,0,0,0,0.0,8063.583224757274,0.0353371798780608,47.935420451601814,0,0.0,0,47.935420451601814,0.05,0.05,119.83855112900454,-2.3483305689453857,50.2837510205472,643.5062664520611,50.28375102054724
105384,33,M,College,Single,$100k to $120k,112500.0,2018-10-31,16,13100,0.19184164326758846,751.0,0,0,0,0,0.0,7732.297163400454,0.0353371798780608,50.262510536108174,0,0.0,0,50.262510536108174,0.05,0.05,125.65627634027044,5.817725211265895,44.44478532484228,687.9510517769035,44.444785324842314
105384,33,M,College,Single,$100k to $120k,112500.0,2018-11-30,17,13100,0.18622125584150062,751.0,0,0,0,0,0.0,7401.011102043634,0.0353371798780608,48.789969030473166,0,0.0,0,48.789969030473166,0.05,0.05,121.9749225761829,-3.6813537640875325,52.4713227945607,740.4223745714642,52.471322794560706
105384,33,M,College,Single,$100k to $120k,112500.0,2018-12-31,18,13100,0.16579372321343583,752.0,0,0,0,0,0.0,7069.725040686814,0.0353371798780608,43.43795548192019,0,0.0,0,43.43795548192019,0.05,0.05,108.59488870480047,-13.380033871382437,56.81798935330263,797.2403639247668,56.817989353302664
105384,34,M,College,Single,$100k to $120k,112500.0,2019-01-31,19,13100,0.16695029130810596,752.0,0,0,0,0,0.0,6738.438979329994,0.0353371798780608,43.74097632272377,0,0.0,0,43.74097632272377,0.05,0.05,109.3524408068094,0.7575521020089298,42.98342422071484,840.2237881454816,42.983424220714824
105384,34,M,College,Single,$100k to $120k,112500.0,2019-02-28,20,13100,0.18116966833006662,751.0,0,0,0,0,0.0,6407.152917973174,0.0353371798780608,47.46645310247745,0,0.0,0,47.46645310247745,0.05,0.05,118.66613275619363,9.313691949384236,38.152761153093216,878.3765492985749,38.15276115309325
105384,34,M,College,Single,$100k to $120k,112500.0,2019-03-31,21,13100,0.13791896509664564,753.0,0,0,0,0,0.0,6075.866856616354,0.0353371798780608,36.13476885532116,0,0.0,0,36.13476885532116,0.05,0.05,90.3369221383029,-28.329210617890737,64.46397947321191,942.8405287717868,64.46397947321191
105384,34,M,College,Single,$100k to $120k,112500.0,2019-04-30,22,13100,0.17107073618687885,752.0,0,0,0,0,0.0,5744.580795259534,0.0353371798780608,44.820532880962254,0,0.0,0,44.820532880962254,0.05,0.05,112.05133220240565,21.71441006410275,23.106122816859504,965.9466515886463,23.10612281685951
105384,34,M,College,Single,$100k to $120k,112500.0,2019-05-31,23,13100,0.18748656526747093,751.0,0,0,0,0,0.0,5413.294733902714,0.0353371798780608,49.12148010007738,0,0.0,0,49.12148010007738,0.05,0.05,122.80370025019346,10.752368047787812,38.369112052289566,1004.3157636409359,38.36911205228955
105384,34,M,College,Single,$100k to $120k,112500.0,2019-06-30,24,13100,0.16947301308990198,752.0,0,0,0,0,0.0,5082.008672545894,0.0353371798780608,44.40192942955432,0,0.0,100,144.40192942955431,0.05,0.05,111.0048235738858,-11.798876676307657,156.20080610586197,1160.5165697467978,156.20080610586194
105384,34,M,College,Single,$100k to $120k,112500.0,2019-07-31,25,13100,0.18019776117148276,751.0,0,0,0,0,0.0,4750.722611189074,0.0353371798780608,47.21181342692849,0,0.0,0,47.21181342692849,0.05,0.05,118.02953356732121,7.024709993435408,40.18710343349308,1200.703673180291,40.18710343349312
105384,34,M,College,Single,$100k to $120k,112500.0,2019-08-31,26,13100,0.16317848868308008,752.0,0,0,0,0,0.0,4419.436549832255,0.0353371798780608,42.75276403496698,0,0.0,0,42.75276403496698,0.05,0.05,106.88191008741745,-11.147623479903757,53.90038751487074,1254.6040606951617,53.90038751487077
105384,34,M,College,Single,$100k to $120k,112500.0,2019-09-30,27,13100,0.14938409520590734,753.0,0,0,0,0,0.0,4088.150488475434,0.0353371798780608,39.13863294394773,0,0.0,0,39.13863294394773,0.05,0.05,97.8465823598693,-9.03532772754815,48.17396067149588,1302.7780213666576,48.173960671495934
105384,34,M,College,Single,$100k to $120k,112500.0,2019-10-31,28,13100,0.14748149505791197,753.0,0,0,0,0,0.0,3756.864427118613,0.0353371798780608,38.64015170517293,0,0.0,0,38.64015170517293,0.05,0.05,96.60037926293234,-1.2462030969369664,39.8863548021099,1342.6643761687676,39.88635480210996
105384,34,M,College,Single,$100k to $120k,112500.0,2019-11-30,29,13100,0.13694985250785308,750.0,0,0,3,0,0.0,309404.975652801,0.2768758288741184,35.880861357057505,0,0.0,0,35.880861357057505,0.05,0.05,89.70215339264377,-6.89822587028857,42.779087227346075,1385.4434633961137,42.779087227346054
105384,34,M,College,Single,$100k to $120k,112500.0,2019-12-31,30,13100,0.1641769997792283,750.0,0,0,3,0,0.0,307140.550818463,0.2768758288741184,43.01437394215782,0,0.0,0,43.01437394215782,0.05,0.05,107.53593485539454,17.83378146275078,25.18059247940704,1410.6240558755208,25.180592479407096
105384,35,M,College,Single,$100k to $120k,112500.0,2020-01-31,31,13100,0.18898550283136317,750.0,0,0,3,0,0.0,304876.1259841249,0.2768758288741184,49.51420174181715,0,0.0,0,49.51420174181715,0.05,0.05,123.78550435454288,16.249569499148336,33.26463224266882,1443.8886881181895,33.26463224266877
105384,35,M,College,Single,$100k to $120k,112500.0,2020-02-29,32,13100,0.15985594446099802,750.0,0,0,3,0,0.0,302611.7011497869,0.2768758288741184,41.88225744878149,0,0.0,0,41.88225744878149,0.05,0.05,104.7056436219537,-19.079860732589182,60.96211818137067,1504.8508062995602,60.96211818137067
105384,35,M,College,Single,$100k to $120k,112500.0,2020-03-31,33,13100,0.2950060730663841,750.0,1,0,3,0,3284.892623594187,305722.49765540956,0.34695353817746105,77.29159114339264,0,67.36767288887745,0,144.65926403227007,0.05,0.2,772.9159114339263,668.2102678119727,-523.5510037797026,981.2998025198576,-523.5510037797026
105384,35,M,College,Single,$100k to $120k,112500.0,2020-04-30,34,13100,0.3122005531548247,745.0,1,0,3,0,3476.353159378973,302715.2045710536,0.3510380296075365,81.79654492656408,0,71.29420937693044,0,153.09075430349452,0.05,0.2,817.9654492656407,45.04953783171436,108.04121647178016,1089.3410189916378,108.04121647178022
105384,35,M,College,Single,$100k to $120k,112500.0,2020-05-31,35,13100,0.33650912793553994,745.0,1,0,3,0,3747.029139562237,302706.0777464489,0.3568124505181128,88.16539151911148,0,76.84532260385555,0,165.01071412296704,0.05,0.2,881.6539151911146,63.688465925473906,101.32224819749314,1190.663267189131,101.32224819749308
105384,35,M,College,Single,$100k to $120k,112500.0,2020-06-30,36,13100,0.3541494573126563,745.0,1,0,3,0,3943.4542071764276,302651.3496963542,0.3610028519605489,92.78715781591595,0,80.8736733655099,100,273.66083118142586,0.05,0.2,927.8715781591595,46.21766296804492,227.44316821338094,1418.1064354025118,227.4431682133809
105384,35,M,College,Single,$100k to $120k,112500.0,2020-07-31,37,13100,0.37313128057028455,745.0,1,0,3,0,4154.816809150118,302759.3811228499,0.36551192080265427,97.76039550941456,0,85.20836806098701,0,182.96876357040156,0.05,0.2,977.6039550941455,49.73237693498595,133.2363866354156,1551.3428220379274,133.23638663541556
105384,35,M,College,Single,$100k to $120k,112500.0,2020-08-31,38,13100,0.39359363304598316,745.0,1,0,3,0,4382.665103967022,302696.51149774116,0.3703726844254149,103.12153185804759,0,89.88115684052369,0,193.00268869857126,0.05,0.2,1031.215318580476,53.61136348633045,139.39132521224082,1690.7341472501682,139.39132521224087
105384,35,M,College,Single,$100k to $120k,112500.0,2020-09-30,39,13100,0.41560368913299517,740.0,1,0,3,0,4627.747078495901,302815.65501057584,0.375601099882031,108.88816655284474,0,94.90737966815344,0,203.79554622099818,0.05,0.2,1088.8816655284472,57.666346947971306,146.12919927302687,1836.863346523195,146.12919927302687
105384,35,M,College,Single,$100k to $120k,112500.0,2020-10-31,40,13100,0.436150260541024,740.0,1,0,3,0,4856.533151124302,302796.27252331295,0.38048186943143686,114.2713682617483,0,99.5994007076409,0,213.8707689693892,0.05,0.2,1142.7136826174828,53.83201708903562,160.03875188035357,1996.9020984035487,160.03875188035363
105384,35,M,College,Single,$100k to $120k,112500.0,2020-11-30,41,13100,0.426186732976322,740.0,2,1,4,0,4745.589271691345,302317.53964892414,0.3781150666702004,111.66092403979636,0,97.32412664693666,0,208.98505068673302,0.05,0.35,1954.0661706964363,811.3524880789535,-602.3674373922204,1394.5346610113284,-602.3674373922204
105384,35,M,College,Single,$100k to $120k,112500.0,2020-12-31,42,13100,0.4784326854440718,740.0,2,1,4,0,5327.347952419739,303010.4674700441,0.3905259185257395,125.34936358634681,0,109.25502759087482,0,234.60439117722163,0.05,0.35,2193.6138627610694,239.5476920646331,-4.943300887411482,1389.591360123917,-4.943300887411397
105384,36,M,College,Single,$100k to $120k,112500.0,2021-01-31,43,13100,0.5271152807666923,735.0,2,1,4,0,5869.428651337119,303100.54142285127,0.4020903067693103,138.1042035608734,0,120.37219925783874,0,258.47640281871213,0.05,0.35,2416.8235623152846,223.20969955421515,35.26670326449698,1424.858063388414,35.26670326449698
105384,36,M,College,Single,$100k to $120k,112500.0,2021-02-28,44,13100,0.635762527091157,730.0,3,2,4,0,7079.215739160033,303682.4604948427,0.5034107325272394,166.56978209788315,0,145.1829161172737,0,311.75269821515684,0.05,0.49999999999999994,4164.244552447078,1747.4209901317931,-1435.6682919166362,-10.810228528222297,-1435.6682919166362
105384,36,M,College,Single,$100k to $120k,112500.0,2021-03-31,45,13100,0.704008779394837,725.0,3,2,4,0,7839.13775856151,303191.9769636222,0.5277282371480868,184.45030020144728,0,160.76765019849896,0,345.21795039994623,0.05,0.49999999999999994,4611.257505036181,447.0129525891034,-101.79500218915717,-112.60523071737947,-101.79500218915717
105384,36,M,College,Single,$100k to $120k,112500.0,2021-04-30,46,13100,0.7778906016141405,725.0,3,2,4,0,8661.811848973453,303342.2301639394,0.5540538080412689,203.8073376229048,0,177.6393246693639,0,381.4466622922687,0.05,0.49999999999999994,5095.1834405726195,483.9259355364384,-102.47927324416969,-215.08450396154916,-102.47927324416969
105384,36,M,College,Single,$100k to $120k,112500.0,2021-05-31,47,13100,0.8471809408550734,720.0,3,2,4,0,9433.359776421243,303263.0200933619,0.5787433417195982,221.96140650402927,0,193.46248674810565,0,415.4238932521349,0.05,0.49999999999999994,5549.0351626007305,453.851722028111,-38.42782877597608,-253.51233273752524,-38.42782877597608
105384,36,M,College,Single,$100k to $120k,112500.0,2021-06-30,48,13100,0.9130670098864905,695.0,3,2,4,1,10167.00115508607,303296.4127144536,0.6022198658368727,239.22355659026053,30,0.0,100,369.2235565902605,0.15,0.6,7176.706697707815,1627.6715351070843,-1258.4479785168237,-1511.9603112543489,-1258.4479785168237
105384,36,M,College,Single,$100k to $120k,112500.0,2021-07-31,49,13100,0.9665834005476828,675.0,4,4,4,2,12662.242547174645,304945.38252073736,0.8171315108869033,48.31398846173539,30,0.0,0,78.31398846173539,0.4,0.9,11396.01829245718,4219.311594749365,-4140.997606287629,-5652.9579175419785,-4140.997606287629
105384,36,M,College,Single,$100k to $120k,112500.0,2021-08-31,50,13100,0.9745904362623014,655.0,4,4,4,3,12767.134715036147,302563.68748210557,0.8216069100489941,1.4677424067058564,30,0.0,0,31.467742406705856,0.65,0.9,11490.421243532533,94.40295107535349,-62.93520866864763,-5715.893126210626,-62.93520866864765
105384,36,M,College,Single,$100k to $120k,112500.0,2021-09-30,51,13100,0.9796759392130178,635.0,4,4,4,4,12767.134715036147,302527.35065761424,0.8216069100489941,0.0,0,0.0,0,0.0,0.72,0.9,11550.37932332148,59.958079788946634,-59.958079788946634,-5775.851205999573,-59.958079788946634
105384,36,M,College,Single,$100k to $120k,112500.0,2021-10-31,52,13100,0.9893528284873575,615.0,4,4,4,5,12767.134715036147,302436.6432080964,0.8216069100489941,0.0,0,0.0,0,0.0,0.8,0.9,11664.469847865945,114.09052454446464,-114.09052454446464,-5889.9417305440375,-114.09052454446464
105384,36,M,College,Single,$100k to $120k,112500.0,2021-11-30,53,13100,0.99,595.0,4,4,4,6,12767.134715036147,302601.0547763809,0.8216069100489941,0.0,0,0.0,0,0.0,0.84,0.9,11672.1,7.630152134055606,-7.630152134055606,-5897.571882678093,-7.630152134055606
105384,36,M,College,Single,$100k to $120k,112500.0,2021-12-31,54,13100,0.99,575.0,4,4,4,7,12767.134715036147,302567.2780780559,0.8216069100489941,0.0,0,0.0,0,0.0,0.86,0.9,11672.1,0.0,0.0,-5897.571882678093,0.0
105385,32,M,College,Single,$100k to $120k,112500.0,2017-07-31,1,13500,0.19077825719433011,751.0,0,0,0,0,0.0,12543.781067381082,0.03620007155517607,51.510129442469136,0,0.0,0,51.510129442469136,0.05,0.05,128.77532360617283,128.77532360617283,-77.2651941637037,-77.2651941637037,-77.2651941637037
105385,32,M,College,Single,$100k to $120k,112500.0,2017-08-31,2,13500,0.17791505441356997,751.0,0,0,0,0,0.0,12204.405396551307,0.03620007155517607,48.03706469166389,0,0.0,0,48.03706469166389,0.05,0.05,120.09266172915973,-8.682661877013103,56.719726568677,-20.5454675950267,56.719726568677
105385,32,M,College,Single,$100k to $120k,112500.0,2017-09-30,3,13500,0.18978713064243122,751.0,0,0,0,0,0.0,11865.02972572153,0.03620007155517607,51.24252527345643,0,0.0,0,51.24252527345643,0.05,0.05,128.10631318364108,8.013651454481348,43.22887381897508,22.68340622394838,43.22887381897508
105385,32,M,College,Single,$100k to $120k,112500.0,2017-10-31,4,13500,0.19224114357505906,751.0,0,0,0,0,0.0,11525.654054891755,0.03620007155517607,51.90510876526595,0,0.0,0,51.90510876526595,0.05,0.05,129.76277191316487,1.6564587295237914,50.24865003574216,72.93205625969054,50.24865003574216
105385,32,M,College,Single,$100k to $120k,112500.0,2017-11-30,5,13500,0.17726064591377969,751.0,0,0,0,0,0.0,11186.27838406198,0.03620007155517607,47.860374396720516,0,0.0,0,47.860374396720516,0.05,0.05,119.65093599180129,-10.111835921363578,57.972210318084095,130.90426657777465,57.97221031808411
105385,32,M,College,Single,$100k to $120k,112500.0,2017-12-31,6,13500,0.15277680306513028,752.0,0,0,0,0,0.0,10846.902713232204,0.03620007155517607,41.249736827585174,0,0.0,0,41.249736827585174,0.05,0.05,103.12434206896293,-16.52659392283836,57.77633075042353,188.6805973281982,57.77633075042354
105385,33,M,College,Single,$100k to $120k,112500.0,2018-01-31,7,13500,0.14212592335066535,753.0,0,0,0,0,0.0,10507.527042402427,0.03620007155517607,38.37399930467964,0,0.0,0,38.37399930467964,0.05,0.05,95.9349982616991,-7.189343807263825,45.56334311194347,234.24394044014167,45.56334311194348
105385,33,M,College,Single,$100k to $120k,112500.0,2018-02-28,8,13500,0.19109808739470263,751.0,0,0,0,0,0.0,10168.151371572652,0.03620007155517607,51.59648359656972,0,0.0,0,51.59648359656972,0.05,0.05,128.9912089914243,33.05621072972518,18.54027286684454,252.7842133069862,18.540272866844532
105385,33,M,College,Single,$100k to $120k,112500.0,2018-03-31,9,13500,0.16624658987549057,752.0,0,0,0,0,0.0,9828.775700742877,0.03620007155517607,44.88657926638245,0,0.0,0,44.88657926638245,0.05,0.05,112.21644816595614,-16.77476082546815,61.6613400918506,314.4455533988368,61.661340091850604
105385,33,M,College,Single,$100k to $120k,112500.0,2018-04-30,10,13500,0.16740515605565465,752.0,0,0,0,0,0.0,9489.4000299131,0.03620007155517607,45.199392135026756,0,0.0,0,45.199392135026756,0.05,0.05,112.99848033756689,0.7820321716107514,44.417359963416004,358.8629133622528,44.417359963416004
105385,33,M,College,Single,$100k to $120k,112500.0,2018-05-31,11,13500,0.1893016870009016,751.0,0,0,0,0,0.0,9150.024359083325,0.03620007155517607,51.111455490243436,0,0.0,0,51.111455490243436,0.05,0.05,127.77863872560859,14.780158388041698,36.33129710220174,395.19421046445456,36.331297102201745
105385,33,M,College,Single,$100k to $120k,112500.0,2018-06-30,12,13500,0.14900961368624263,753.0,0,0,0,0,0.0,8810.64868825355,0.03620007155517607,40.23259569528551,0,0.0,100,140.2325956952855,0.05,0.05,100.58148923821378,-27.19714948739481,167.42974518268034,562.6239556471348,167.42974518268028
105385,33,M,College,Single,$100k to $120k,112500.0,2018-07-31,13,13500,0.1770079354008037,751.0,0,0,0,0,0.0,8471.273017423773,0.03620007155517607,47.792142558217,0,0.0,0,47.792142558217,0.05,0.05,119.4803563955425,18.898867157328723,28.893275400888278,591.5172310480231,28.89327540088823
105385,33,M,College,Single,$100k to $120k,112500.0,2018-08-31,14,13500,0.14431497870205448,753.0,0,0,0,0,0.0,8131.897346593998,0.03620007155517607,38.96504424955471,0,0.0,0,38.96504424955471,0.05,0.05,97.41261062388678,-22.067745771655723,61.03279002121043,652.5500210692335,61.03279002121042
105385,33,M,College,Single,$100k to $120k,112500.0,2018-09-30,15,13500,0.1850990570862782,751.0,0,0,0,0,0.0,7792.521675764222,0.03620007155517607,49.97674541329511,0,0.0,0,49.97674541329511,0.05,0.05,124.94186353323778,27.529252909351,22.44749250394411,674.9975135731776,22.44749250394409
105385,33,M,College,Single,$100k to $120k,112500.0,2018-10-31,16,13500,0.17554946117990486,751.0,0,0,0,0,0.0,7453.146004934447,0.03620007155517607,47.398354518574315,0,0.0,0,47.398354518574315,0.05,0.05,118.49588629643578,-6.445977236801994,53.84433175537631,728.8418453285539,53.84433175537629
105385,33,M,College,Single,$100k to $120k,112500.0,2018-11-30,17,13500,0.17459189775790174,752.0,0,0,0,0,0.0,7113.770334104671,0.03620007155517607,47.13981239463347,0,0.0,0,47.13981239463347,0.05,0.05,117.84953098658367,-0.6463553098521118,47.786167704485585,776.6280130330395,47.78616770448559
105385,33,M,College,Single,$100k to $120k,112500.0,2018-12-31,18,13500,0.18657168620581208,751.0,0,0,0,0,0.0,6774.394663274895,0.03620007155517607,50.37435527556926,0,0.0,0,50.37435527556926,0.05,0.05,125.93588818892316,8.086357202339485,42.28799807322977,818.9160111062693,42.2879980732298
105385,34,M,College,Single,$100k to $120k,112500.0,2019-01-31,19,13500,0.146909956730207,753.0,0,0,0,0,0.0,6435.01899244512,0.03620007155517607,39.66568831715589,0,0.0,0,39.66568831715589,0.05,0.05,99.16422079288972,-26.771667396033436,66.43735571318933,885.3533668194586,66.43735571318939
105385,34,M,College,Single,$100k to $120k,112500.0,2019-02-28,20,13500,0.13885433492478166,753.0,0,0,0,0,0.0,6095.643321615344,0.03620007155517607,37.49067042969105,0,0.0,0,37.49067042969105,0.05,0.05,93.72667607422763,-5.437544718662096,42.928215148353146,928.2815819678118,42.92821514835316
105385,34,M,College,Single,$100k to $120k,112500.0,2019-03-31,21,13500,0.14347678641994985,753.0,0,0,0,0,0.0,5756.267650785569,0.03620007155517607,38.73873233338646,0,0.0,0,38.73873233338646,0.05,0.05,96.84683083346614,3.120154759238517,35.61857757414794,963.9001595419597,35.618577574147935
105385,34,M,College,Single,$100k to $120k,112500.0,2019-04-30,22,13500,0.15301997493855168,752.0,0,0,0,0,0.0,5416.8919799557925,0.03620007155517607,41.31539323340896,0,0.0,0,41.31539323340896,0.05,0.05,103.28848308352238,6.4416522500562365,34.873740983352725,998.7739005253125,34.87374098335272
105385,34,M,College,Single,$100k to $120k,112500.0,2019-05-31,23,13500,0.1915063014896006,751.0,0,0,0,0,0.0,5077.5163091260165,0.03620007155517607,51.70670140219217,0,0.0,0,51.70670140219217,0.05,0.05,129.2667535054804,25.97827042195803,25.728430980234137,1024.5023315055466,25.72843098023418
105385,34,M,College,Single,$100k to $120k,112500.0,2019-06-30,24,13500,0.19314557762768247,751.0,0,0,0,0,0.0,4738.140638296241,0.03620007155517607,52.14930595947427,0,0.0,100,152.14930595947428,0.05,0.05,130.37326489868568,1.1065113932052668,151.042794566269,1175.5451260718157,151.0427945662691
105385,34,M,College,Single,$100k to $120k,112500.0,2019-07-31,25,13500,0.18217437021741395,751.0,0,0,0,0,0.0,4398.764967466465,0.03620007155517607,49.18707995870177,0,0.0,0,49.18707995870177,0.05,0.05,122.96769989675441,-7.405565001931265,56.59264496063304,1232.1377710324487,56.592644960632924
105385,34,M,College,Single,$100k to $120k,112500.0,2019-08-31,26,13500,0.1613066766642104,752.0,0,0,0,0,0.0,4059.3892966366893,0.03620007155517607,43.55280269933681,0,0.0,0,43.55280269933681,0.05,0.05,108.88200674834201,-14.085693148412403,57.63849584774921,1289.776266880198,57.638495847749255
105385,34,M,College,Single,$100k to $120k,112500.0,2019-09-30,27,13500,0.1964028850795764,751.0,0,0,0,0,0.0,3720.013625806914,0.03620007155517607,53.02877897148563,0,0.0,0,53.02877897148563,0.05,0.05,132.57194742871408,23.689940680372075,29.338838291113554,1319.1151051713114,29.33883829111346
105385,34,M,College,Single,$100k to $120k,112500.0,2019-10-31,28,13500,0.17495108640386114,752.0,0,0,0,0,0.0,3380.637954977139,0.03620007155517607,47.23679332904251,0,0.0,0,47.23679332904251,0.05,0.05,118.09198332260627,-14.479964106107815,61.71675743515033,1380.8318626064618,61.716757435150384
105385,34,M,College,Single,$100k to $120k,112500.0,2019-11-30,29,13500,0.1789795263921696,750.0,0,0,3,0,0.0,348847.86632401164,0.25280773257906086,48.3244721258858,0,0.0,0,48.3244721258858,0.05,0.05,120.81118031471448,2.719196992108209,45.60527513377759,1426.4371377402395,45.605275133777695
105385,34,M,College,Single,$100k to $120k,112500.0,2019-12-31,30,13500,0.1609001938219376,750.0,0,0,3,0,0.0,346817.1695019127,0.25280773257906086,43.443052331923155,0,0.0,0,43.443052331923155,0.05,0.05,108.60763082980787,-12.203549484906603,55.64660181682976,1482.0837395570693,55.64660181682984
105385,35,M,College,Single,$100k to $120k,112500.0,2020-01-31,31,13500,0.14762447132463186,750.0,0,0,3,0,0.0,344786.4726798138,0.25280773257906086,39.858607257650604,0,0.0,0,39.858607257650604,0.05,0.05,99.6465181441265,-8.961112685681371,48.819719943331975,1530.9034595004014,48.819719943332075
105385,35,M,College,Single,$100k to $120k,112500.0,2020-02-29,32,13500,0.18390239043483933,750.0,0,0,3,0,0.0,342755.7758577149,0.25280773257906086,49.653645417406615,0,0.0,0,49.653645417406615,0.05,0.05,124.13411354351655,24.487595399390045,25.16605001801657,1556.069509518418,25.166050018016676
105385,35,M,College,Single,$100k to $120k,112500.0,2020-03-31,33,13500,0.2965369740399509,750.0,1,0,3,0,3402.7617771084365,345964.9244606708,0.3253999838240409,80.06498299078675,0,69.78497277886552,0,149.84995576965227,0.05,0.2,800.6498299078673,676.5157163643507,-526.6657605946984,1029.4037489237196,-526.6657605946984
105385,35,M,College,Single,$100k to $120k,112500.0,2020-04-30,34,13500,0.31361668481801314,745.0,1,0,3,0,3598.7514582867007,342801.5532472889,0.32958109702251054,84.67650490086355,0,73.80439449036308,0,158.48089939122661,0.05,0.2,846.7650490086355,46.11521910076817,112.36568029045844,1141.769429214178,112.36568029045839
105385,35,M,College,Single,$100k to $120k,112500.0,2020-05-31,35,13500,0.33886602273261285,745.0,1,0,3,0,3888.4876108567323,342902.4069451738,0.3357621349440045,91.49382613780547,0,79.74640008598682,0,171.2402262237923,0.05,0.2,914.9382613780547,68.17321236941916,103.06701385437313,1244.836443068551,103.06701385437304
105385,35,M,College,Single,$100k to $120k,112500.0,2020-06-30,36,13500,0.35675370583057414,745.0,1,0,3,0,4093.748774405838,342877.9350928603,0.34014103976638543,96.32350057425502,0,83.95596444843973,100,280.27946502269475,0.05,0.2,963.2350057425501,48.29674436449545,231.9827206581993,1476.8191637267503,231.98272065819924
105385,35,M,College,Single,$100k to $120k,112500.0,2020-07-31,37,13500,0.3721779729924096,745.0,1,0,3,0,4270.7422400879,342831.77804829105,0.34391690036760275,100.4880527079506,0,87.58580544046936,0,188.07385814841996,0.05,0.2,1004.880527079506,41.64552133695588,146.42833681146408,1623.2475005382144,146.42833681146408
105385,35,M,College,Single,$100k to $120k,112500.0,2020-08-31,38,13500,0.390348458806642,745.0,1,0,3,0,4479.248564806217,342958.0573285198,0.34836503529492685,105.39408387779334,0,91.86192264990082,0,197.25600652769415,0.05,0.2,1053.9408387779333,49.06031169842731,148.19569482926684,1771.4431953674812,148.1956948292668
105385,35,M,College,Single,$100k to $120k,112500.0,2020-09-30,39,13500,0.41072206809713663,740.0,1,0,3,0,4713.035731414643,342802.7780056928,0.3533524948492399,110.89495838622689,0,96.65650779176197,0,207.55146617798886,0.05,0.2,1108.9495838622688,55.00874508433549,152.54272109365337,1923.9859164611346,152.54272109365343
105385,35,M,College,Single,$100k to $120k,112500.0,2020-10-31,40,13500,0.43253577250860703,740.0,1,0,3,0,4963.347989536265,342854.9260959268,0.3586924896891679,116.7846585773239,0,101.78999501873957,0,218.57465359606346,0.05,0.2,1167.846585773239,58.897001910970175,159.67765168509328,2083.663568146228,159.67765168509345
105385,35,M,College,Single,$100k to $120k,112500.0,2020-11-30,41,13500,0.42021384943255874,740.0,2,1,4,0,4821.953922238611,342451.65344523476,0.35567608292015124,113.45773934679086,0,98.89023835524351,0,212.34797770203437,0.05,0.35,1985.51043856884,817.6638527956011,-605.3158750935668,1478.3476930526613,-605.3158750935668
105385,35,M,College,Single,$100k to $120k,112500.0,2020-12-31,42,13500,0.4700370065331444,740.0,2,1,4,0,5393.674649967832,343237.7293095389,0.3678727917783746,126.90999176394898,0,110.61527761309029,0,237.52526937703925,0.05,0.35,2220.9248558691074,235.41441730026736,2.1108520767718915,1480.458545129433,2.1108520767718346
105385,36,M,College,Single,$100k to $120k,112500.0,2021-01-31,43,13500,0.529135818869744,735.0,2,1,4,0,6071.833521530313,343292.9601552659,0.38234018103837425,142.8666710948309,0,124.52318580405084,0,267.38985689888176,0.05,0.35,2500.1667441595405,279.24188829043305,-11.852031391551293,1468.6065137378819,-11.852031391551236
105385,36,M,College,Single,$100k to $120k,112500.0,2021-02-28,44,13500,0.6318834892859565,730.0,3,2,4,0,7250.8630395563505,343805.6438895803,0.4848353498448641,170.60854210720828,0,148.70311616956815,0,319.3116582767764,0.05,0.49999999999999994,4265.213552680206,1765.0468085206653,-1445.735150243889,22.87136349399293,-1445.735150243889
105385,36,M,College,Single,$100k to $120k,112500.0,2021-03-31,45,13500,0.7070058991220494,725.0,3,2,4,0,8112.8926924255165,343446.4913965539,0.5124202987366774,190.89159276295334,0,166.38190763382664,0,357.27350039678,0.05,0.49999999999999994,4772.289819073832,507.0762663936266,-149.80276599684663,-126.9314025028537,-149.80276599684663
105385,36,M,College,Single,$100k to $120k,112500.0,2021-04-30,46,13500,0.7790733017591291,725.0,3,2,4,0,8939.866137686007,343385.8255181637,0.5388834489850132,210.3497914749649,0,183.34175470704386,0,393.6915461820088,0.05,0.49999999999999994,5258.744786874121,486.4549678002886,-92.76342161827984,-219.69482412113354,-92.76342161827984
105385,36,M,College,Single,$100k to $120k,112500.0,2021-05-31,47,13500,0.8456401918395368,720.0,3,2,4,0,9703.721201358685,343373.93520717137,0.5633268110225389,228.3228517966749,0,199.0071489711977,0,427.3300007678726,0.05,0.49999999999999994,5708.071294916872,449.3265080427509,-21.996507274878297,-241.69133139601183,-21.996507274878297
105385,36,M,College,Single,$100k to $120k,112500.0,2021-06-30,48,13500,0.9145895635474147,695.0,3,2,4,1,10494.915241706583,343350.852619998,0.5886450203136716,246.93918215780198,30,0.0,100,376.93918215780195,0.15,0.6,7408.1754647340595,1700.1041698171875,-1323.1649876593856,-1564.8563190553973,-1323.1649876593856
105385,36,M,College,Single,$100k to $120k,112500.0,2021-07-31,49,13500,0.9630827880733983,675.0,4,4,4,2,13001.617638990878,345185.1069693116,0.8075434185093383,48.538602113997975,30,0.0,0,78.53860211399797,0.4,0.9,11701.45587509179,4293.28041035773,-4214.7418082437325,-5779.59812729913,-4214.7418082437325
105385,36,M,College,Single,$100k to $120k,112500.0,2021-08-31,50,13500,0.9720441247051506,655.0,4,4,4,3,13122.595683519532,342781.79832266946,0.8127051484092277,1.7829946421209208,30,0.0,0,31.782994642120922,0.65,0.9,11810.33611516758,108.88024007579043,-77.0972454336695,-5856.6953727328,-77.09724543366974
105385,36,M,College,Single,$100k to $120k,112500.0,2021-09-30,51,13500,0.9815661856227833,635.0,4,4,4,4,13122.595683519532,342742.8503334062,0.8127051484092277,0.0,0,0.0,0,0.0,0.72,0.9,11926.029155316817,115.69304014923728,-115.69304014923728,-5972.388412882037,-115.69304014923728
105385,36,M,College,Single,$100k to $120k,112500.0,2021-10-31,52,13500,0.9895431973906162,615.0,4,4,4,5,13122.595683519532,342561.8458068574,0.8127051484092277,0.0,0,0.0,0,0.0,0.8,0.9,12022.949848295988,96.92069297917078,-96.92069297917078,-6069.309105861208,-96.92069297917078
105385,36,M,College,Single,$100k to $120k,112500.0,2021-11-30,53,13500,0.99,595.0,4,4,4,6,13122.595683519532,342592.80268091254,0.8127051484092277,0.0,0,0.0,0,0.0,0.84,0.9,12028.5,5.550151704012023,-5.550151704012023,-6074.85925756522,-5.550151704012023
105385,36,M,College,Single,$100k to $120k,112500.0,2021-12-31,54,13500,0.99,575.0,4,4,4,7,13122.595683519532,342647.01323953335,0.8127051484092277,0.0,0,0.0,0,0.0,0.86,0.9,12028.5,0.0,0.0,-6074.85925756522,0.0
105386,32,M,College,Single,$100k to $120k,112500.0,2017-07-31,1,14000,0.1772736405314479,751.0,0,0,0,0,0.0,12739.326538046858,0.0369590233156403,49.63661934880541,0,0.0,0,49.63661934880541,0.05,0.05,124.09154837201353,124.09154837201353,-74.45492902320812,-74.45492902320812,-74.45492902320812
105386,32,M,College,Single,$100k to $120k,112500.0,2017-08-31,2,14000,0.16981595566087326,752.0,0,0,0,0,0.0,12392.83569446273,0.0369590233156403,47.54846758504452,0,0.0,0,47.54846758504452,0.05,0.05,118.87116896261128,-5.2203794094022555,52.768846994446776,-21.686082028761348,52.768846994446776
105386,32,M,College,Single,$100k to $120k,112500.0,2017-09-30,3,14000,0.1712816464529494,752.0,0,0,0,0,0.0,12046.344850878602,0.0369590233156403,47.958861006825835,0,0.0,0,47.958861006825835,0.05,0.05,119.89715251706458,1.0259835544533047,46.93287745237253,25.246795423611182,46.93287745237253
105386,32,M,College,Single,$100k to $120k,112500.0,2017-10-31,4,14000,0.15513038813553712,752.0,0,0,0,0,0.0,11699.854007294474,0.0369590233156403,43.4365086779504,0,0.0,0,43.4365086779504,0.05,0.05,108.59127169487599,-11.305880822188598,54.742389500139,79.98918492375017,54.74238950013899
105386,32,M,College,Single,$100k to $120k,112500.0,2017-11-30,5,14000,0.18526747259143528,751.0,0,0,0,0,0.0,11353.363163710346,0.0369590233156403,51.87489232560188,0,0.0,0,51.87489232560188,0.05,0.05,129.6872308140047,21.095959119128707,30.77893320647317,110.76811813022334,30.77893320647317
105386,32,M,College,Single,$100k to $120k,112500.0,2017-12-31,6,14000,0.13232024360280153,753.0,0,0,0,0,0.0,11006.87232012622,0.0369590233156403,37.04966820878443,0,0.0,0,37.04966820878443,0.05,0.05,92.62417052196108,-37.063060292043616,74.11272850082804,184.88084663105138,74.11272850082804
105386,33,M,College,Single,$100k to $120k,112500.0,2018-01-31,7,14000,0.17704519762899093,751.0,0,0,0,0,0.0,10660.381476542092,0.0369590233156403,49.572655336117464,0,0.0,0,49.572655336117464,0.05,0.05,123.93163834029365,31.30746781833257,18.265187517784895,203.1460341488363,18.26518751778491
105386,33,M,College,Single,$100k to $120k,112500.0,2018-02-28,8,14000,0.17354244204430996,752.0,0,0,0,0,0.0,10313.890632957964,0.0369590233156403,48.59188377240679,0,0.0,0,48.59188377240679,0.05,0.05,121.47970943101697,-2.451928909276674,51.04381268168346,254.18984683051974,51.04381268168345
105386,33,M,College,Single,$100k to $120k,112500.0,2018-03-31,9,14000,0.15676132978200166,752.0,0,0,0,0,0.0,9967.399789373836,0.0369590233156403,43.89317233896047,0,0.0,0,43.89317233896047,0.05,0.05,109.73293084740116,-11.746778583615807,55.639950922576276,309.82979775309605,55.639950922576304
105386,33,M,College,Single,$100k to $120k,112500.0,2018-04-30,10,14000,0.1881506904552256,751.0,0,0,0,0,0.0,9620.908945789708,0.0369590233156403,52.68219332746317,0,0.0,0,52.68219332746317,0.05,0.05,131.7054833186579,21.972552471256748,30.70964085620642,340.53943860930247,30.70964085620642
105386,33,M,College,Single,$100k to $120k,112500.0,2018-05-31,11,14000,0.14698774543361764,753.0,0,0,0,0,0.0,9274.41810220558,0.0369590233156403,41.156568721412945,0,0.0,0,41.156568721412945,0.05,0.05,102.89142180353235,-28.81406151512556,69.97063023653851,410.510068845841,69.97063023653851
105386,33,M,College,Single,$100k to $120k,112500.0,2018-06-30,12,14000,0.1317805502357796,753.0,0,0,0,0,0.0,8927.927258621454,0.0369590233156403,36.898554066018285,0,0.0,100,136.89855406601828,0.05,0.05,92.24638516504571,-10.645036638486644,147.54359070450494,558.0536595503459,147.54359070450488
105386,33,M,College,Single,$100k to $120k,112500.0,2018-07-31,13,14000,0.15687356741273378,752.0,0,0,0,0,0.0,8581.436415037326,0.0369590233156403,43.924598875565465,0,0.0,0,43.924598875565465,0.05,0.05,109.81149718891365,17.56511202386794,26.359486851697525,584.4131464020434,26.35948685169751
105386,33,M,College,Single,$100k to $120k,112500.0,2018-08-31,14,14000,0.17620453348686663,751.0,0,0,0,0,0.0,8234.945571453198,0.0369590233156403,49.33726937632266,0,0.0,0,49.33726937632266,0.05,0.05,123.34317344080664,13.53167625189299,35.80559312442967,620.2187395264731,35.80559312442972
105386,33,M,College,Single,$100k to $120k,112500.0,2018-09-30,15,14000,0.1508335985088853,752.0,0,0,0,0,0.0,7888.45472786907,0.0369590233156403,42.23340758248789,0,0.0,0,42.23340758248789,0.05,0.05,105.58351895621972,-17.759654484586918,59.99306206707481,680.2118015935479,59.99306206707479
105386,33,M,College,Single,$100k to $120k,112500.0,2018-10-31,16,14000,0.16633278388043007,752.0,0,0,0,0,0.0,7541.963884284942,0.0369590233156403,46.573179486520424,0,0.0,0,46.573179486520424,0.05,0.05,116.43294871630106,10.849429760081335,35.72374972643909,715.935551319987,35.72374972643911
105386,33,M,College,Single,$100k to $120k,112500.0,2018-11-30,17,14000,0.17947541036919884,751.0,0,0,0,0,0.0,7195.473040700814,0.0369590233156403,50.253114903375675,0,0.0,0,50.253114903375675,0.05,0.05,125.6327872584392,9.199838542138139,41.053276361237536,756.9888276812245,41.05327636123752
105386,33,M,College,Single,$100k to $120k,112500.0,2018-12-31,18,14000,0.19736772655299772,751.0,0,0,0,0,0.0,6848.982197116686,0.0369590233156403,55.26296343483937,0,0.0,0,55.26296343483937,0.05,0.05,138.15740858709842,12.524621328659222,42.73834210618015,799.7271697874047,42.7383421061802
105386,34,M,College,Single,$100k to $120k,112500.0,2019-01-31,19,14000,0.17359420326110692,752.0,0,0,0,0,0.0,6502.491353532558,0.0369590233156403,48.60637691310993,0,0.0,0,48.60637691310993,0.05,0.05,121.51594228277484,-16.641466304323572,65.24784321743351,864.9750130048383,65.24784321743357
105386,34,M,College,Single,$100k to $120k,112500.0,2019-02-28,20,14000,0.1591456968979631,752.0,0,0,0,0,0.0,6156.000509948431,0.0369590233156403,44.56079513142967,0,0.0,0,44.56079513142967,0.05,0.05,111.40198782857416,-10.11395445420068,54.67474958563035,919.6497625904686,54.674749585630366
105386,34,M,College,Single,$100k to $120k,112500.0,2019-03-31,21,14000,0.16049867803335377,752.0,0,0,0,0,0.0,5809.509666364303,0.0369590233156403,44.939629849339056,0,0.0,0,44.939629849339056,0.05,0.05,112.34907462334763,0.9470867947734689,43.99254305456559,963.6423056450342,43.992543054565544
105386,34,M,College,Single,$100k to $120k,112500.0,2019-04-30,22,14000,0.13368386406503735,753.0,0,0,0,0,0.0,5463.018822780175,0.0369590233156403,37.43148193821046,0,0.0,0,37.43148193821046,0.05,0.05,93.57870484552615,-18.770369777821486,56.201851716031946,1019.8441573610661,56.20185171603191
105386,34,M,College,Single,$100k to $120k,112500.0,2019-05-31,23,14000,0.19084608461235417,751.0,0,0,0,0,0.0,5116.527979196047,0.0369590233156403,53.436903691459165,0,0.0,0,53.436903691459165,0.05,0.05,133.59225922864792,40.01355438312177,13.423349308337393,1033.2675066694035,13.423349308337379
105386,34,M,College,Single,$100k to $120k,112500.0,2019-06-30,24,14000,0.1857529232651711,751.0,0,0,0,0,0.0,4770.037135611919,0.0369590233156403,52.0108185142479,0,0.0,100,152.0108185142479,0.05,0.05,130.02704628561978,-3.5652129430281434,155.57603145727603,1188.8435381266795,155.57603145727603
105386,34,M,College,Single,$100k to $120k,112500.0,2019-07-31,25,14000,0.14322531782038522,753.0,0,0,0,0,0.0,4423.546292027791,0.0369590233156403,40.103088989707864,0,0.0,0,40.103088989707864,0.05,0.05,100.25772247426966,-29.76932381135012,69.87241280105798,1258.7159509277376,69.87241280105809
105386,34,M,College,Single,$100k to $120k,112500.0,2019-08-31,26,14000,0.1836784125034932,751.0,0,0,0,0,0.0,4077.0554484436634,0.0369590233156403,51.429955500978096,0,0.0,0,51.429955500978096,0.05,0.05,128.57488875244525,28.31716627817559,23.112789222802505,1281.8287401505402,23.112789222802576
105386,34,M,College,Single,$100k to $120k,112500.0,2019-09-30,27,14000,0.1620612386102096,752.0,0,0,0,0,0.0,3730.5646048595354,0.0369590233156403,45.37714681085868,0,0.0,0,45.37714681085868,0.05,0.05,113.44286702714672,-15.132021725298529,60.50916853615721,1342.3379086866973,60.509168536157176
105386,34,M,College,Single,$100k to $120k,112500.0,2019-10-31,28,14000,0.14148650595728132,753.0,0,0,0,0,0.0,3384.0737612754074,0.0369590233156403,39.61622166803877,0,0.0,0,39.61622166803877,0.05,0.05,99.04055417009693,-14.402312857049793,54.01853452508856,1396.356443211786,54.018534525088626
105386,34,M,College,Single,$100k to $120k,112500.0,2019-11-30,29,14000,0.14348684760569336,750.0,0,0,3,0,0.0,314072.22903145803,0.25927570711657405,40.17631732959414,0,0.0,0,40.17631732959414,0.05,0.05,100.44079332398535,1.4002391538884211,38.77607817570572,1435.1325213874916,38.77607817570561
105386,34,M,College,Single,$100k to $120k,112500.0,2019-12-31,30,14000,0.16293423837040905,750.0,0,0,3,0,0.0,311988.01012082427,0.25927570711657405,45.62158674371454,0,0.0,0,45.62158674371454,0.05,0.05,114.05396685928633,13.613173535300987,32.00841320841355,1467.140934595905,32.00841320841346
105386,35,M,College,Single,$100k to $120k,112500.0,2020-01-31,31,14000,0.1830608403448138,750.0,0,0,3,0,0.0,309903.7912101905,0.25927570711657405,51.25703529654787,0,0.0,0,51.25703529654787,0.05,0.05,128.14258824136965,14.088621382083318,37.16841391446455,1504.3093485103695,37.16841391446451
105386,35,M,College,Single,$100k to $120k,112500.0,2020-02-29,32,14000,0.1874427387987689,750.0,0,0,3,0,0.0,307819.57229955675,0.25927570711657405,52.4839668636553,0,0.0,0,52.4839668636553,0.05,0.05,131.20991715913823,3.0673289177685774,49.41663794588672,1553.7259864562564,49.416637945886805
105386,35,M,College,Single,$100k to $120k,112500.0,2020-03-31,33,14000,0.29629751940323756,750.0,1,0,3,0,3525.940480898527,311295.0819192782,0.334495770709076,82.96330543290651,0,72.31116269576061,0,155.27446812866714,0.05,0.2,829.6330543290652,698.423137169927,-543.1486690412598,1010.5773174149965,-543.1486690412598
105386,35,M,College,Single,$100k to $120k,112500.0,2020-04-30,34,14000,0.3136891135361174,745.0,1,0,3,0,3732.9004510797968,307964.55941151135,0.3389109167396097,87.83295179011287,0,76.55556675089483,0,164.3885185410077,0.05,0.2,878.3295179011287,48.69646357206352,115.69205496894418,1126.2693723839407,115.69205496894415
105386,35,M,College,Single,$100k to $120k,112500.0,2020-05-31,35,14000,0.33692645759281936,745.0,1,0,3,0,4009.4248453545506,308017.62791580026,0.3448101038174711,94.33940812598944,0,82.22662120347958,0,176.56602932946902,0.05,0.2,943.3940812598942,65.06456335876544,111.50146597070358,1237.7708383546442,111.50146597070352
105386,35,M,College,Single,$100k to $120k,112500.0,2020-06-30,36,14000,0.358052737666643,745.0,1,0,3,0,4260.827578233051,308016.7065528435,0.3501733621188792,100.25476654666004,0,87.38247225026282,100,287.6372387969229,0.05,0.2,1002.5476654666003,59.153584206706114,228.48365459021676,1466.2544929448609,228.4836545902167
105386,35,M,College,Single,$100k to $120k,112500.0,2020-07-31,37,14000,0.3724702965344191,745.0,1,0,3,0,4432.396528759587,307917.466064054,0.3538334997301119,104.29168302963735,0,90.9010654773112,0,195.19274850694856,0.05,0.2,1042.9168302963735,40.36916482977324,154.82358367717532,1621.0780766220362,154.8235836771753
105386,35,M,College,Single,$100k to $120k,112500.0,2020-08-31,38,14000,0.3965369675357194,745.0,1,0,3,0,4718.78991367506,308050.2192331276,0.3599432252749753,111.03035091000142,0,96.77451647961936,0,207.80486738962077,0.05,0.2,1110.3035091000143,67.38667880364073,140.41818858598003,1761.4962652080162,140.41818858598003
105386,35,M,College,Single,$100k to $120k,112500.0,2020-09-30,39,14000,0.41149273402697445,740.0,1,0,3,0,4896.763534920996,307888.3509291975,0.3637399958615553,115.21796552755285,0,100.42445882867142,0,215.64242435622427,0.05,0.2,1152.1796552755284,41.87614617551412,173.76627818071015,1935.2625433887263,173.76627818071006
105386,35,M,College,Single,$100k to $120k,112500.0,2020-10-31,40,14000,0.43673529829220886,740.0,1,0,3,0,5197.150049677285,308002.6350373424,0.37014824150968945,122.28588352181849,0,106.58488560213165,0,228.87076912395014,0.05,0.2,1222.8588352181848,70.67917994265645,158.1915891812937,2093.45413257002,158.19158918129392
105386,35,M,College,Single,$100k to $120k,112500.0,2020-11-30,41,14000,0.4272570597967347,740.0,2,1,4,0,5084.359011581143,307512.7524282836,0.36774203269697175,119.63197674308572,0,104.27172939584328,0,223.903706138929,0.05,0.35,2093.559593004,870.7007577858151,-646.7970516468861,1446.6570809231341,-646.7970516468861
105386,35,M,College,Single,$100k to $120k,112500.0,2020-12-31,42,14000,0.4750641545151352,740.0,2,1,4,0,5653.263438730109,308358.92860815325,0.3798786604761497,133.01796326423784,0,115.9390110226233,0,248.95697428686114,0.05,0.35,2327.814357124162,234.25476412016224,14.702210166698904,1461.359291089833,14.702210166698933
105386,36,M,College,Single,$100k to $120k,112500.0,2021-01-31,43,14000,0.5271751135333895,735.0,2,1,4,0,6273.383851047335,308301.84205165703,0.3931078959389172,147.60903178934907,0,128.6566471452291,0,276.2656789345782,0.05,0.35,2583.1580563136085,255.3436991894464,20.921979745131807,1482.2812708349647,20.921979745131694
105386,36,M,College,Single,$100k to $120k,112500.0,2021-02-28,44,14000,0.6399104465672457,730.0,3,2,4,0,7614.934314150224,309030.25580088876,0.5029536051693813,179.1749250388288,0,156.16961122603084,0,335.34453626485964,0.05,0.49999999999999994,4479.373125970719,1896.2150696571107,-1560.870533392251,-78.58926255728625,-1560.870533392251
105386,36,M,College,Single,$100k to $120k,112500.0,2021-03-31,45,14000,0.7066239839448407,725.0,3,2,4,0,8408.825408943605,308559.37409149064,0.5283581202027694,197.8547155045554,0,172.45099442841843,0,370.30570993297385,0.05,0.49999999999999994,4946.367887613885,466.9947616431655,-96.68905171019162,-175.27831426747787,-96.68905171019162
105386,36,M,College,Single,$100k to $120k,112500.0,2021-04-30,46,14000,0.777094873583036,725.0,3,2,4,0,9247.428995638127,308557.77236214513,0.5551934349769941,217.58656460325008,0,189.6493563188786,0,407.2359209221287,0.05,0.49999999999999994,5439.664115081251,493.2962274673664,-86.06030654523772,-261.3386208127156,-86.06030654523772
105386,36,M,College,Single,$100k to $120k,112500.0,2021-05-31,47,14000,0.8459333119808685,720.0,3,2,4,0,10066.606412572335,308568.2718139335,0.5814071123188888,236.86132735464318,0,206.44931984450432,0,443.3106471991475,0.05,0.49999999999999994,5921.533183866079,481.8690687848275,-38.55842158567998,-299.89704239839557,-38.55842158567998
105386,36,M,College,Single,$100k to $120k,112500.0,2021-06-30,48,14000,0.9101331440493934,695.0,3,2,4,1,10830.58441418778,308544.0723723324,0.605854408370583,254.83728033383014,30,0.0,100,384.8372803338301,0.15,0.6,7645.118410014905,1723.5852261488262,-1338.747945814996,-1638.6449882133916,-1338.747945814996
105386,36,M,College,Single,$100k to $120k,112500.0,2021-07-31,49,14000,0.9642632884433049,675.0,4,4,4,2,13499.686038206268,310478.78024652984,0.8352623114133748,51.72131452172013,30,0.0,0,81.72131452172013,0.4,0.9,12149.717434385642,4504.599024370737,-4422.877709849017,-6061.522698062408,-4422.877709849017
105386,36,M,College,Single,$100k to $120k,112500.0,2021-08-31,50,14000,0.9721219723797608,655.0,4,4,4,3,13609.707613316652,307887.2782325391,0.8399565652847513,1.568268920431175,30,0.0,0,31.568268920431176,0.65,0.9,12248.736851984986,99.0194175993438,-67.45114867891262,-6128.973846741321,-67.45114867891243
105386,36,M,College,Single,$100k to $120k,112500.0,2021-09-30,51,14000,0.9803223447244637,635.0,4,4,4,4,13609.707613316652,307778.87658213795,0.8399565652847513,0.0,0,0.0,0,0.0,0.72,0.9,12352.061543528242,103.32469154325554,-103.32469154325554,-6232.298538284576,-103.32469154325554
105386,36,M,College,Single,$100k to $120k,112500.0,2021-10-31,52,14000,0.9885277801577431,615.0,4,4,4,5,13609.707613316652,307774.54381686286,0.8399565652847513,0.0,0,0.0,0,0.0,0.8,0.9,12455.450029987564,103.38848645932194,-103.38848645932194,-6335.687024743898,-103.38848645932194
105386,36,M,College,Single,$100k to $120k,112500.0,2021-11-30,53,14000,0.99,595.0,4,4,4,6,13609.707613316652,307804.54555299855,0.8399565652847513,0.0,0,0.0,0,0.0,0.84,0.9,12474.0,18.54997001243646,-18.54997001243646,-6354.236994756335,-18.54997001243646
105386,36,M,College,Single,$100k to $120k,112500.0,2021-12-31,54,14000,0.99,575.0,4,4,4,7,13609.707613316652,307695.84699840174,0.8399565652847513,0.0,0,0.0,0,0.0,0.86,0.9,12474.0,0.0,0.0,-6354.236994756335,0.0
105387,32,M,College,Single,$100k to $120k,112500.0,2017-07-31,1,13400,0.1426305241255098,753.0,0,0,0,0,0.0,12895.768500673375,0.03674932510420328,38.22498046563663,0,0.0,0,38.22498046563663,0.05,0.05,95.56245116409157,95.56245116409157,-57.33747069845494,-57.33747069845494,-57.33747069845494
105387,32,M,College,Single,$100k to $120k,112500.0,2017-08-31,2,13400,0.17222901336852092,752.0,0,0,0,0,0.0,12551.24357782147,0.03674932510420328,46.157375582763606,0,0.0,0,46.157375582763606,0.05,0.05,115.39343895690902,19.830987792817453,26.326387789946153,-31.01108290850879,26.326387789946153
105387,32,M,College,Single,$100k to $120k,112500.0,2017-09-30,3,13400,0.19397119795521628,751.0,0,0,0,0,0.0,12206.718654969563,0.03674932510420328,51.98428105199796,0,0.0,0,51.98428105199796,0.05,0.05,129.9607026299949,14.567263673085876,37.417017378912085,6.405934470403295,37.417017378912085
105387,32,M,College,Single,$100k to $120k,112500.0,2017-10-31,4,13400,0.1993509567926665,751.0,0,0,0,0,0.0,11862.19373211766,0.03674932510420328,53.42605642043463,0,0.0,0,53.42605642043463,0.05,0.05,133.56514105108656,3.6044384210916576,49.82161799934297,56.227552469746264,49.82161799934297
105387,32,M,College,Single,$100k to $120k,112500.0,2017-11-30,5,13400,0.1909459107234584,751.0,0,0,0,0,0.0,11517.668809265753,0.03674932510420328,51.17350407388685,0,0.0,0,51.17350407388685,0.05,0.05,127.93376018471713,-5.631380866369426,56.80488494025628,113.03243741000254,56.80488494025628
105387,32,M,College,Single,$100k to $120k,112500.0,2017-12-31,6,13400,0.138377700553396,753.0,0,0,0,0,0.0,11173.143886413847,0.03674932510420328,37.08522374831012,0,0.0,0,37.08522374831012,0.05,0.05,92.71305937077531,-35.22070081394182,72.30592456225193,185.33836197225446,72.30592456225192
105387,33,M,College,Single,$100k to $120k,112500.0,2018-01-31,7,13400,0.18544619988684263,751.0,0,0,0,0,0.0,10828.618963561941,0.03674932510420328,49.69958156967383,0,0.0,0,49.69958156967383,0.05,0.05,124.24895392418456,31.53589455340925,18.163687016264582,203.50204898851905,18.16368701626459
105387,33,M,College,Single,$100k to $120k,112500.0,2018-02-28,8,13400,0.19935521388089783,751.0,0,0,0,0,0.0,10484.094040710035,0.03674932510420328,53.42719732008062,0,0.0,0,53.42719732008062,0.05,0.05,133.56799330020155,9.319039376016988,44.108157944063635,247.61020693258268,44.108157944063635
105387,33,M,College,Single,$100k to $120k,112500.0,2018-03-31,9,13400,0.15160558084827364,752.0,0,0,0,0,0.0,10139.56911785813,0.03674932510420328,40.630295667337336,0,0.0,0,40.630295667337336,0.05,0.05,101.57573916834333,-31.992254131858218,72.62254979919555,320.23275673177824,72.62254979919555
105387,33,M,College,Single,$100k to $120k,112500.0,2018-04-30,10,13400,0.17623043018941925,751.0,0,0,0,0,0.0,9795.044195006223,0.03674932510420328,47.22975529076436,0,0.0,0,47.22975529076436,0.05,0.05,118.0743882269109,16.498649058567565,30.731106232196794,350.96386296397503,30.731106232196794
105387,33,M,College,Single,$100k to $120k,112500.0,2018-05-31,11,13400,0.19979287017801284,751.0,0,0,0,0,0.0,9450.519272154317,0.03674932510420328,53.54448920770744,0,0.0,0,53.54448920770744,0.05,0.05,133.8612230192686,15.786834792357709,37.757654415349734,388.7215173793248,37.75765441534975
105387,33,M,College,Single,$100k to $120k,112500.0,2018-06-30,12,13400,0.1687194431083854,752.0,0,0,0,0,0.0,9105.994349302413,0.03674932510420328,45.21681075304729,0,0.0,100,145.2168107530473,0.05,0.05,113.04202688261822,-20.81919613665039,166.0360068896977,554.7575242690225,166.03600688969772
105387,33,M,College,Single,$100k to $120k,112500.0,2018-07-31,13,13400,0.1789717476029407,751.0,0,0,0,0,0.0,8761.469426450507,0.03674932510420328,47.96442835758811,0,0.0,0,47.96442835758811,0.05,0.05,119.91107089397028,6.869044011352059,41.09538434623605,595.8529086152586,41.095384346236074
105387,33,M,College,Single,$100k to $120k,112500.0,2018-08-31,14,13400,0.15232647087512058,752.0,0,0,0,0,0.0,8416.944503598601,0.03674932510420328,40.823494194532316,0,0.0,0,40.823494194532316,0.05,0.05,102.05873548633079,-17.852335407639487,58.6758296021718,654.5287382174304,58.6758296021718
105387,33,M,College,Single,$100k to $120k,112500.0,2018-09-30,15,13400,0.19105679539401726,751.0,0,0,0,0,0.0,8072.419580746695,0.03674932510420328,51.203221165596624,0,0.0,0,51.203221165596624,0.05,0.05,128.00805291399158,25.949317427660787,25.253903737935836,679.7826419553662,25.253903737935843
105387,33,M,College,Single,$100k to $120k,112500.0,2018-10-31,16,13400,0.19043927323838913,751.0,0,0,0,0,0.0,7727.89465789479,0.03674932510420328,51.03772522788829,0,0.0,0,51.03772522788829,0.05,0.05,127.59431306972073,-0.4137398442708502,51.45146507215914,731.2341070275254,51.45146507215918
105387,33,M,College,Single,$100k to $120k,112500.0,2018-11-30,17,13400,0.16097435820056202,752.0,0,0,0,0,0.0,7383.369735042884,0.03674932510420328,43.14112799775062,0,0.0,0,43.14112799775062,0.05,0.05,107.85281999437656,-19.741493075344167,62.88262107309479,794.1167281006202,62.88262107309481
105387,33,M,College,Single,$100k to $120k,112500.0,2018-12-31,18,13400,0.18455351036020223,751.0,0,0,0,0,0.0,7038.844812190978,0.03674932510420328,49.460340776534196,0,0.0,0,49.460340776534196,0.05,0.05,123.6508519413355,15.798031946958943,33.66230882957525,827.7790369301955,33.662308829575295
105387,34,M,College,Single,$100k to $120k,112500.0,2019-01-31,19,13400,0.13707803359418833,753.0,0,0,0,0,0.0,6694.319889339073,0.03674932510420328,36.73691300324247,0,0.0,0,36.73691300324247,0.05,0.05,91.84228250810618,-31.808569433229323,68.54548243647179,896.3245193666673,68.54548243647184
105387,34,M,College,Single,$100k to $120k,112500.0,2019-02-28,20,13400,0.18501631438168015,751.0,0,0,0,0,0.0,6349.794966487167,0.03674932510420328,49.58437225429029,0,0.0,0,49.58437225429029,0.05,0.05,123.9609306357257,32.11864812761952,17.465724126670764,913.7902434933382,17.465724126670807
105387,34,M,College,Single,$100k to $120k,112500.0,2019-03-31,21,13400,0.1303150344868562,753.0,0,0,0,0,0.0,6005.270043635261,0.03674932510420328,34.92442924247746,0,0.0,0,34.92442924247746,0.05,0.05,87.31107310619365,-36.649857529532056,71.57428677200951,985.3645302653476,71.57428677200949
105387,34,M,College,Single,$100k to $120k,112500.0,2019-04-30,22,13400,0.1487019545832806,753.0,0,0,0,0,0.0,5660.745120783356,0.03674932510420328,39.8521238283192,0,0.0,0,39.8521238283192,0.05,0.05,99.63030957079799,12.319236464604344,27.532887363714856,1012.8974176290625,27.53288736371485
105387,34,M,College,Single,$100k to $120k,112500.0,2019-05-31,23,13400,0.19562987325653833,751.0,0,0,0,0,0.0,5316.22019793145,0.03674932510420328,52.42880603275228,0,0.0,0,52.42880603275228,0.05,0.05,131.0720150818807,31.441705511082702,20.987100521669575,1033.884518150732,20.987100521669504
105387,34,M,College,Single,$100k to $120k,112500.0,2019-06-30,24,13400,0.16611103532780097,752.0,0,0,0,0,0.0,4971.6952750795435,0.03674932510420328,44.517757467850664,0,0.0,100,144.51775746785066,0.05,0.05,111.29439366962666,-19.777621412254035,164.2953788801047,1198.1798970308366,164.29537888010464
105387,34,M,College,Single,$100k to $120k,112500.0,2019-07-31,25,13400,0.14566258992163075,753.0,0,0,0,0,0.0,4627.170352227638,0.03674932510420328,39.03757409899704,0,0.0,0,39.03757409899704,0.05,0.05,97.59393524749261,-13.700458422134048,52.73803252113109,1250.9179295519677,52.73803252113112
105387,34,M,College,Single,$100k to $120k,112500.0,2019-08-31,26,13400,0.19675303099726255,751.0,0,0,0,0,0.0,4282.645429375732,0.03674932510420328,52.729812307266364,0,0.0,0,52.729812307266364,0.05,0.05,131.8245307681659,34.230595520673305,18.49921678659306,1269.4171463385608,18.499216786593024
105387,34,M,College,Single,$100k to $120k,112500.0,2019-09-30,27,13400,0.1432886060301872,753.0,0,0,0,0,0.0,3938.1205065238264,0.03674932510420328,38.40134641609017,0,0.0,0,38.40134641609017,0.05,0.05,96.00336604022543,-35.821164727940484,74.22251114403065,1343.6396574825915,74.2225111440307
105387,34,M,College,Single,$100k to $120k,112500.0,2019-10-31,28,13400,0.1673249453280383,752.0,0,0,0,0,0.0,3593.5955836719204,0.03674932510420328,44.84308534791427,0,0.0,0,44.84308534791427,0.05,0.05,112.10771336978566,16.104347329560227,28.73873801835404,1372.3783955009455,28.73873801835407
105387,34,M,College,Single,$100k to $120k,112500.0,2019-11-30,29,13400,0.17059258234107688,750.0,0,0,3,0,0.0,322738.9065746671,0.27748771256838134,45.71881206740861,0,0.0,0,45.71881206740861,0.05,0.05,114.29703016852152,2.1893167987358595,43.52949526867275,1415.9078907696182,43.52949526867269
105387,34,M,College,Single,$100k to $120k,112500.0,2019-12-31,30,13400,0.1749806024261268,750.0,0,0,3,0,0.0,320481.9841921904,0.27748771256838134,46.89480145020199,0,0.0,0,46.89480145020199,0.05,0.05,117.23700362550497,2.939973456983452,43.95482799321854,1459.8627187628367,43.95482799321849
105387,35,M,College,Single,$100k to $120k,112500.0,2020-01-31,31,13400,0.13827187399159696,750.0,0,0,3,0,0.0,318225.0618097137,0.27748771256838134,37.056862229747985,0,0.0,0,37.056862229747985,0.05,0.05,92.64215557436997,-24.594848051135003,61.65171028088299,1521.5144290437197,61.65171028088298
105387,35,M,College,Single,$100k to $120k,112500.0,2020-02-29,32,13400,0.17439935387910932,750.0,0,0,3,0,0.0,315968.1394272371,0.27748771256838134,46.7390268396013,0,0.0,0,46.7390268396013,0.05,0.05,116.84756709900324,24.205411524633277,22.533615314968024,1544.0480443586878,22.533615314968074
105387,35,M,College,Single,$100k to $120k,112500.0,2020-03-31,33,13400,0.2924762594916604,750.0,1,0,3,0,3331.304595610012,319223.6262041358,0.34855554394139493,78.38363754376499,0,68.31950508163533,0,146.70314262540032,0.05,0.2,783.8363754376498,666.9888083386465,-520.2856657132462,1023.7623786454416,-520.2856657132462
105387,35,M,College,Single,$100k to $120k,112500.0,2020-04-30,34,13400,0.31726230040807224,745.0,1,0,3,0,3613.6176016479426,316226.140729823,0.35457822140353745,85.02629650936336,0,74.10927431379656,0,159.13557082315992,0.05,0.2,850.2629650936336,66.42658965598378,92.70898116717615,1116.4713598126177,92.70898116717615
105387,35,M,College,Single,$100k to $120k,112500.0,2020-05-31,35,13400,0.33802107473243326,745.0,1,0,3,0,3850.0600412024146,316087.8604621347,0.3596223267806995,90.58964802829212,0,78.95831467832619,0,169.5479627066183,0.05,0.2,905.8964802829212,55.63351518928755,113.91444751733076,1230.3858073299484,113.9144475173307
105387,35,M,College,Single,$100k to $120k,112500.0,2020-06-30,36,13400,0.352305088662515,745.0,1,0,3,0,4012.7549598660457,315997.36210170446,0.3630931517121903,94.41776376155401,0,82.29491630191949,100,276.7126800634735,0.05,0.2,944.1776376155401,38.28115733261893,238.43152273085457,1468.817330060803,238.43152273085457
105387,35,M,College,Single,$100k to $120k,112500.0,2020-07-31,37,13400,0.37407510581863607,745.0,1,0,3,0,4260.715455274265,316202.2437328033,0.36838297561423233,100.25212835939446,0,87.38017279524972,0,187.63230115464418,0.05,0.2,1002.5212835939446,58.34364597840454,129.28865517623964,1598.1059852370427,129.28865517623967
105387,35,M,College,Single,$100k to $120k,112500.0,2020-08-31,38,13400,0.39682731557681855,745.0,1,0,3,0,4519.863124419963,316154.6670549302,0.37391145922267394,106.34972057458738,0,92.69485957664608,0,199.04458015123345,0.05,0.2,1063.4972057458738,60.975922151929126,138.06865799930432,1736.174643236347,138.06865799930438
105387,35,M,College,Single,$100k to $120k,112500.0,2020-09-30,39,13400,0.4127083493725185,740.0,1,0,3,0,4700.748099352985,316139.7565866747,0.3777703386879117,110.60583763183494,0,96.40450893756415,0,207.01034656939908,0.05,0.2,1106.0583763183495,42.5611705724757,164.44917599692337,1900.6238192332703,164.44917599692326
105387,35,M,College,Single,$100k to $120k,112500.0,2020-10-31,40,13400,0.43473022270191924,740.0,1,0,3,0,4951.57723657486,316075.7577722021,0.38312136028197835,116.50769968411436,0,101.54859649342275,0,218.0562961775371,0.05,0.2,1165.0769968411437,59.01862052279421,159.03767565474288,2059.6614948880133,159.037675654743
105387,35,M,College,Single,$100k to $120k,112500.0,2020-11-30,41,13400,0.42125855960479913,740.0,2,1,4,0,4798.134993898662,315637.18986840366,0.37984792577155285,112.89729397408617,0,98.40175183320507,0,211.29904580729124,0.05,0.35,1975.7026445465078,810.6256477053641,-599.3266018980729,1460.3348929899403,-599.326601898073
105387,35,M,College,Single,$100k to $120k,112500.0,2020-12-31,42,13400,0.4755132958705907,740.0,2,1,4,0,5416.096439966028,316545.2125303069,0.3930311032876566,127.4375632933183,0,111.0751111563033,0,238.5126744496216,0.05,0.35,2230.1573576330707,254.45471308656283,-15.94203863694122,1444.3928543529992,-15.942038636941106
105387,36,M,College,Single,$100k to $120k,112500.0,2021-01-31,43,13400,0.5217375482611943,735.0,2,1,4,0,5942.590674695003,316333.1616647399,0.40426298029520813,139.8256629340001,0,121.87263042020335,0,261.69829335420343,0.05,0.35,2446.9491013450015,216.79174371193085,44.90654964227258,1489.2994039952719,44.906549642272694
105387,36,M,College,Single,$100k to $120k,112500.0,2021-02-28,44,13400,0.6305485310869273,730.0,3,2,4,0,7181.947769080102,317092.6469924365,0.5073100411789446,168.9870063312965,0,147.28977883088444,0,316.27678516218094,0.05,0.49999999999999994,4224.675158282413,1777.7260569374112,-1461.4492717752303,27.850132220041587,-1461.4492717752303
105387,36,M,College,Single,$100k to $120k,112500.0,2021-03-31,45,13400,0.7045211783454324,725.0,3,2,4,0,8024.496221354475,316654.7523795194,0.5342715916517244,188.81167579657588,0,164.56904333961137,0,353.3807191361873,0.05,0.49999999999999994,4720.291894914396,495.61673663198326,-142.23601749579598,-114.38588527575439,-142.23601749579598
105387,36,M,College,Single,$100k to $120k,112500.0,2021-04-30,46,13400,0.7731377593998385,725.0,3,2,4,0,8806.039079564162,316669.3801188591,0.5592809631144344,207.20091951915674,0,180.59718479006168,0,387.7981043092184,0.05,0.49999999999999994,5180.022987978918,459.7310930645217,-71.93298875530331,-186.3188740310577,-71.93298875530331
105387,36,M,College,Single,$100k to $120k,112500.0,2021-05-31,47,13400,0.8491259393749133,720.0,3,2,4,0,9671.544449480263,316667.2089061586,0.5869771349517499,227.56575175247676,0,198.34725741809106,0,425.9130091705678,0.05,0.49999999999999994,5689.143793811919,509.1208058330012,-83.2077966624334,-269.5266706934911,-83.2077966624334
105387,36,M,College,Single,$100k to $120k,112500.0,2021-06-30,48,13400,0.9137194502094547,695.0,3,2,4,1,10407.264537885689,316606.15633554326,0.6105201777807234,244.87681265613384,30,0.0,100,374.87681265613384,0.15,0.6,7346.304379684016,1657.1605858720968,-1282.283773215963,-1551.810443909454,-1282.283773215963
105387,36,M,College,Single,$100k to $120k,112500.0,2021-07-31,49,13400,0.966756971878289,675.0,4,4,4,2,12954.543423169072,318471.5965964503,0.8302148986235952,49.333823214575425,30,0.0,0,79.33382321457543,0.4,0.9,11659.089080852165,4312.78470116815,-4233.4508779535745,-5785.261321863029,-4233.4508779535745
105387,36,M,College,Single,$100k to $120k,112500.0,2021-08-31,50,13400,0.9726207997475054,655.0,4,4,4,3,13033.118716616573,315923.032241843,0.8335674444773551,0.9519822986420239,30,0.0,0,30.951982298642022,0.65,0.9,11729.806844954916,70.71776410275015,-39.76578180410813,-5825.0271036671365,-39.765781804107974
105387,36,M,College,Single,$100k to $120k,112500.0,2021-09-30,51,13400,0.9817876422181424,635.0,4,4,4,4,13033.118716616573,315778.56694642093,0.8335674444773551,0.0,0,0.0,0,0.0,0.72,0.9,11840.358965150797,110.5521201958818,-110.5521201958818,-5935.579223863018,-110.5521201958818
105387,36,M,College,Single,$100k to $120k,112500.0,2021-10-31,52,13400,0.9883978282960154,615.0,4,4,4,5,13033.118716616573,315899.2485308704,0.8335674444773551,0.0,0,0.0,0,0.0,0.8,0.9,11920.077809249946,79.71884409914855,-79.71884409914855,-6015.298067962167,-79.71884409914855
105387,36,M,College,Single,$100k to $120k,112500.0,2021-11-30,53,13400,0.99,595.0,4,4,4,6,13033.118716616573,315966.537979545,0.8335674444773551,0.0,0,0.0,0,0.0,0.84,0.9,11939.4,19.322190750053778,-19.322190750053778,-6034.620258712221,-19.322190750053778
105387,36,M,College,Single,$100k to $120k,112500.0,2021-12-31,54,13400,0.99,575.0,4,4,4,7,13033.118716616573,315886.3125777791,0.8335674444773551,0.0,0,0.0,0,0.0,0.86,0.9,11939.4,0.0,0.0,-6034.620258712221,0.0
105388,32,M,College,Single,$100k to $120k,112500.0,2017-07-31,1,13500,0.17631770092327143,751.0,0,0,0,0,0.0,12896.097577228924,0.03505148199385831,47.60577924928329,0,0.0,0,47.60577924928329,0.05,0.05,119.01444812320821,119.01444812320821,-71.40866887392492,-71.40866887392492,-71.40866887392492
105388,32,M,College,Single,$100k to $120k,112500.0,2017-08-31,2,13500,0.1622339647533974,752.0,0,0,0,0,0.0,12567.489933536503,0.03505148199385831,43.8031704834173,0,0.0,0,43.8031704834173,0.05,0.05,109.50792620854325,-9.506521914664958,53.309692398082255,-18.09897647584267,53.309692398082255
105388,32,M,College,Single,$100k to $120k,112500.0,2017-09-30,3,13500,0.15553188260842007,752.0,0,0,0,0,0.0,12238.882289844081,0.03505148199385831,41.99360830427342,0,0.0,0,41.99360830427342,0.05,0.05,104.98402076068355,-4.523905447859704,46.51751375213313,28.418537276290458,46.51751375213313
105388,32,M,College,Single,$100k to $120k,112500.0,2017-10-31,4,13500,0.1521704977737422,752.0,0,0,0,0,0.0,11910.274646151658,0.03505148199385831,41.0860343989104,0,0.0,0,41.0860343989104,0.05,0.05,102.71508599727598,-2.2689347634075716,43.35496916231797,71.77350643860842,43.354969162317964
105388,32,M,College,Single,$100k to $120k,112500.0,2017-11-30,5,13500,0.18887167043205638,751.0,0,0,0,0,0.0,11581.667002459237,0.03505148199385831,50.99535101665522,0,0.0,0,50.99535101665522,0.05,0.05,127.48837754163806,24.77329154436208,26.22205947229314,97.99556591090156,26.22205947229314
105388,32,M,College,Single,$100k to $120k,112500.0,2017-12-31,6,13500,0.15953684622539668,752.0,0,0,0,0,0.0,11253.059358766815,0.03505148199385831,43.0749484808571,0,0.0,0,43.0749484808571,0.05,0.05,107.68737120214276,-19.801006339495302,62.875954820352405,160.87152073125395,62.87595482035239
105388,33,M,College,Single,$100k to $120k,112500.0,2018-01-31,7,13500,0.19444456577499103,751.0,0,0,0,0,0.0,10924.451715074394,0.03505148199385831,52.50003275924758,0,0.0,0,52.50003275924758,0.05,0.05,131.25008189811894,23.56271069597618,28.937322063271402,189.80884279452536,28.93732206327141
105388,33,M,College,Single,$100k to $120k,112500.0,2018-02-28,8,13500,0.1493336675033376,753.0,0,0,0,0,0.0,10595.844071381973,0.03505148199385831,40.32009022590115,0,0.0,0,40.32009022590115,0.05,0.05,100.80022556475288,-30.449856333366057,70.7699465592672,260.57878935379256,70.7699465592672
105388,33,M,College,Single,$100k to $120k,112500.0,2018-03-31,9,13500,0.13134410520426104,753.0,0,0,0,0,0.0,10267.23642768955,0.03505148199385831,35.462908405150486,0,0.0,0,35.462908405150486,0.05,0.05,88.65727101287621,-12.14295455187667,47.605862957027156,308.18465231081973,47.60586295702717
105388,33,M,College,Single,$100k to $120k,112500.0,2018-04-30,10,13500,0.13598756445030116,753.0,0,0,0,0,0.0,9938.628783997128,0.03505148199385831,36.71664240158131,0,0.0,0,36.71664240158131,0.05,0.05,91.79160600395329,3.1343349910770826,33.58230741050423,341.76695972132393,33.5823074105042
105388,33,M,College,Single,$100k to $120k,112500.0,2018-05-31,11,13500,0.15990847006137332,752.0,0,0,0,0,0.0,9610.021140304707,0.03505148199385831,43.1752869165708,0,0.0,0,43.1752869165708,0.05,0.05,107.938217291427,16.146611287473704,27.028675629097094,368.79563535042104,27.02867562909711
105388,33,M,College,Single,$100k to $120k,112500.0,2018-06-30,12,13500,0.1551933764859956,752.0,0,0,0,0,0.0,9281.413496612286,0.03505148199385831,41.90221165121881,0,0.0,100,141.9022116512188,0.05,0.05,104.75552912804703,-3.1826881633799644,145.08489981459877,513.8805351650199,145.08489981459883
105388,33,M,College,Single,$100k to $120k,112500.0,2018-07-31,13,13500,0.13596665138719174,753.0,0,0,0,0,0.0,8952.805852919864,0.03505148199385831,36.71099587454177,0,0.0,0,36.71099587454177,0.05,0.05,91.77748968635443,-12.978039441692601,49.689035316234374,563.5695704812542,49.68903531623437
105388,33,M,College,Single,$100k to $120k,112500.0,2018-08-31,14,13500,0.13418536487155963,753.0,0,0,0,0,0.0,8624.198209227441,0.03505148199385831,36.2300485153211,0,0.0,0,36.2300485153211,0.05,0.05,90.57512128830275,-1.202368398051675,37.432416913372776,601.001987394627,37.432416913372776
105388,33,M,College,Single,$100k to $120k,112500.0,2018-09-30,15,13500,0.13798003178555956,753.0,0,0,0,0,0.0,8295.590565535022,0.03505148199385831,37.254608582101085,0,0.0,0,37.254608582101085,0.05,0.05,93.1365214552527,2.5614001669499515,34.69320841515113,635.6951958097782,34.69320841515116
105388,33,M,College,Single,$100k to $120k,112500.0,2018-10-31,16,13500,0.13495805602085859,753.0,0,0,0,0,0.0,7966.982921842598,0.03505148199385831,36.43867512563182,0,0.0,0,36.43867512563182,0.05,0.05,91.09668781407954,-2.0398336411731606,38.47850876680498,674.1737045765832,38.47850876680502
105388,33,M,College,Single,$100k to $120k,112500.0,2018-11-30,17,13500,0.18964750259164365,751.0,0,0,0,0,0.0,7638.375278150177,0.03505148199385831,51.204825699743786,0,0.0,0,51.204825699743786,0.05,0.05,128.01206424935947,36.915376435279924,14.289449264463862,688.4631538410471,14.289449264463883
105388,33,M,College,Single,$100k to $120k,112500.0,2018-12-31,18,13500,0.14034670587370368,753.0,0,0,0,0,0.0,7309.767634457756,0.03505148199385831,37.89361058589999,0,0.0,0,37.89361058589999,0.05,0.05,94.73402646474999,-33.27803778460948,71.17164837050947,759.6348022115566,71.1716483705095
105388,34,M,College,Single,$100k to $120k,112500.0,2019-01-31,19,13500,0.1741939815339959,752.0,0,0,0,0,0.0,6981.1599907653335,0.03505148199385831,47.032375014178896,0,0.0,0,47.032375014178896,0.05,0.05,117.58093753544723,22.846911070697246,24.18546394348165,783.8202661550382,24.185463943481636
105388,34,M,College,Single,$100k to $120k,112500.0,2019-02-28,20,13500,0.1395908622317262,753.0,0,0,0,0,0.0,6652.552347072912,0.03505148199385831,37.68953280256607,0,0.0,0,37.68953280256607,0.05,0.05,94.2238320064152,-23.35710552903204,61.04663833159811,844.8669044866364,61.04663833159816
105388,34,M,College,Single,$100k to $120k,112500.0,2019-03-31,21,13500,0.13557873650277502,753.0,0,0,0,0,0.0,6323.94470338049,0.03505148199385831,36.60625885574926,0,0.0,0,36.60625885574926,0.05,0.05,91.51564713937314,-2.70818486704205,39.31444372279131,884.1813482094277,39.31444372279134
105388,34,M,College,Single,$100k to $120k,112500.0,2019-04-30,22,13500,0.1363631112892177,753.0,0,0,0,0,0.0,5995.337059688069,0.03505148199385831,36.818040048088776,0,0.0,0,36.818040048088776,0.05,0.05,92.04510012022193,0.529452980848788,36.28858706723999,920.4699352766677,36.28858706723997
105388,34,M,College,Single,$100k to $120k,112500.0,2019-05-31,23,13500,0.1863357272710092,751.0,0,0,0,0,0.0,5666.729415995647,0.03505148199385831,50.31064636317248,0,0.0,0,50.31064636317248,0.05,0.05,125.7766159079312,33.73151578770927,16.57913057546321,937.0490658521309,16.579130575463182
105388,34,M,College,Single,$100k to $120k,112500.0,2019-06-30,24,13500,0.15046848323314227,752.0,0,0,0,0,0.0,5338.121772303225,0.03505148199385831,40.62649047294841,0,0.0,100,140.6264904729484,0.05,0.05,101.56622618237103,-24.210389725560177,164.8368801985086,1101.8859460506394,164.83688019850854
105388,34,M,College,Single,$100k to $120k,112500.0,2019-07-31,25,13500,0.15936370915190723,752.0,0,0,0,0,0.0,5009.514128610804,0.03505148199385831,43.02820147101495,0,0.0,0,43.02820147101495,0.05,0.05,107.57050367753737,6.004277495166349,37.023923975848604,1138.909870026488,37.023923975848675
105388,34,M,College,Single,$100k to $120k,112500.0,2019-08-31,26,13500,0.17981231668409214,751.0,0,0,0,0,0.0,4680.9064849183815,0.03505148199385831,48.549325504704875,0,0.0,0,48.549325504704875,0.05,0.05,121.37331376176219,13.802810084224816,34.74651542048006,1173.6563854469682,34.74651542048014
105388,34,M,College,Single,$100k to $120k,112500.0,2019-09-30,27,13500,0.14283866755172323,753.0,0,0,0,0,0.0,4352.29884122596,0.03505148199385831,38.56644023896527,0,0.0,0,38.56644023896527,0.05,0.05,96.41610059741318,-24.957213164349014,63.523653403314285,1237.1800388502825,63.523653403314256
105388,34,M,College,Single,$100k to $120k,112500.0,2019-10-31,28,13500,0.1782710479000862,751.0,0,0,0,0,0.0,4023.691197533539,0.03505148199385831,48.13318293302327,0,0.0,0,48.13318293302327,0.05,0.05,120.33295733255818,23.916856735145004,24.216326197878267,1261.3963650481608,24.21632619787829
105388,34,M,College,Single,$100k to $120k,112500.0,2019-11-30,29,13500,0.18842121232083958,750.0,0,0,3,0,0.0,340763.14455933566,0.27721157268037133,50.873727326626685,0,0.0,0,50.873727326626685,0.05,0.05,127.18431831656672,6.8513609840085365,44.02236634261815,1305.418731390779,44.02236634261817
105388,34,M,College,Single,$100k to $120k,112500.0,2019-12-31,30,13500,0.18498462557643836,750.0,0,0,3,0,0.0,338492.8937091496,0.27721157268037133,49.94584890563836,0,0.0,0,49.94584890563836,0.05,0.05,124.86462226409589,-2.3196960524708317,52.26554495810919,1357.684276348888,52.2655449581091
105388,35,M,College,Single,$100k to $120k,112500.0,2020-01-31,31,13500,0.15905995342564558,750.0,0,0,3,0,0.0,336222.6428589635,0.27721157268037133,42.94618742492431,0,0.0,0,42.94618742492431,0.05,0.05,107.36546856231077,-17.49915370178512,60.44534112670943,1418.1296174755976,60.445341126709536
105388,35,M,College,Single,$100k to $120k,112500.0,2020-02-29,32,13500,0.18725113483517372,750.0,0,0,3,0,0.0,333952.3920087775,0.27721157268037133,50.557806405496905,0,0.0,0,50.557806405496905,0.05,0.05,126.39451601374226,19.029047451431495,31.52875895406541,1449.658376429663,31.528758954065324
105388,35,M,College,Single,$100k to $120k,112500.0,2020-03-31,33,13500,0.29609025617058266,750.0,1,0,3,0,3397.635689557436,337239.0165784884,0.3496944673909299,79.94436916605731,0,69.67984526667375,0,149.62421443273107,0.05,0.2,799.4436916605732,673.0491756468309,-523.4249612140999,926.233415215563,-523.4249612140999
105388,35,M,College,Single,$100k to $120k,112500.0,2020-04-30,34,13500,0.31524112427610856,745.0,1,0,3,0,3617.3919010683458,334145.74680119683,0.35438259990316273,85.11510355454932,0,74.18667890440999,0,159.3017824589593,0.05,0.2,851.1510355454931,51.70734388491985,107.59443857403946,1033.8278537896024,107.59443857403937
105388,35,M,College,Single,$100k to $120k,112500.0,2020-05-31,35,13500,0.333720121425791,745.0,1,0,3,0,3829.4383933609515,334054.8163324214,0.35890625840540497,90.10443278496358,0,78.53539905051085,0,168.6398318354744,0.05,0.2,901.0443278496357,49.89329230414262,118.74653953133179,1152.5743933209342,118.74653953133179
105388,35,M,College,Single,$100k to $120k,112500.0,2020-06-30,36,13500,0.3575754812200136,745.0,1,0,3,0,4103.178646999656,334217.66090905364,0.36474605048303066,96.54537992940367,0,84.14935541888461,100,280.6947353482883,0.05,0.2,965.4537992940367,64.40947144440099,216.2852639038873,1368.8596572248216,216.28526390388743
105388,35,M,College,Single,$100k to $120k,112500.0,2020-07-31,37,13500,0.37485207086978584,745.0,1,0,3,0,4301.427513230792,334104.21498304687,0.3689753596292949,101.21005913484218,0,88.21510925050816,0,189.42516838535033,0.05,0.2,1012.1005913484217,46.64679205438506,142.77837633096527,1511.638033555787,142.77837633096533
105388,35,M,College,Single,$100k to $120k,112500.0,2020-08-31,38,13500,0.3935247778622501,745.0,1,0,3,0,4515.696825969319,333973.03823663696,0.3735464383010501,106.25169002280752,0,92.60941573925413,0,198.86110576206164,0.05,0.2,1062.5169002280752,50.41630887965346,148.44479688240818,1660.082830438195,148.44479688240813
105388,35,M,College,Single,$100k to $120k,112500.0,2020-09-30,39,13500,0.41784261955405305,740.0,1,0,3,0,4794.744059382759,334202.4942978736,0.3794994459472035,112.81750727959432,0,98.33220941784141,0,211.14971669743574,0.05,0.2,1128.1750727959432,65.65817256786795,145.49154412956779,1805.5743745677628,145.49154412956773
105388,35,M,College,Single,$100k to $120k,112500.0,2020-10-31,40,13500,0.4387407711446845,740.0,1,0,3,0,5034.550348885255,334038.639467064,0.38461531345659006,118.46000820906482,0,103.25023673838842,0,221.71024494745325,0.05,0.2,1184.6000820906481,56.42500929470498,165.28523565274827,1970.859610220511,165.28523565274827
105388,35,M,College,Single,$100k to $120k,112500.0,2020-11-30,41,13500,0.42419592749005064,740.0,2,1,4,0,4867.6482679483315,333608.0154535547,0.38105473572993576,114.53290042231367,0,99.82735322850704,0,214.3602536508207,0.05,0.35,2004.3257573904893,819.7256752998412,-605.3654216490205,1365.4941885714907,-605.3654216490204
105388,35,M,College,Single,$100k to $120k,112500.0,2020-12-31,42,13500,0.470730659797266,740.0,2,1,4,0,5401.6343211736275,334329.6275603853,0.39244643819874203,127.09727814526182,0,110.77851720340247,0,237.8757953486643,0.05,0.35,2224.202367542082,219.87661015159256,17.99918519707174,1383.4933737685624,17.99918519707171
105388,36,M,College,Single,$100k to $120k,112500.0,2021-01-31,43,13500,0.5246895767728446,735.0,2,1,4,0,6020.812893468391,334466.29716861853,0.4056555810743636,141.66618572866804,0,123.47683775688091,0,265.14302348554895,0.05,0.35,2479.1582502516903,254.95588270960843,10.18714077594052,1393.6805145445028,10.187140775940406
105388,36,M,College,Single,$100k to $120k,112500.0,2021-02-28,44,13500,0.6358740193408016,730.0,3,2,4,0,7296.654371935698,335222.68877087964,0.5107045125823136,171.68598522201643,0,149.64222007778127,0,321.3282052997977,0.05,0.49999999999999994,4292.14963055041,1812.9913802987194,-1491.6631749989217,-97.98266045441892,-1491.6631749989217
105388,36,M,College,Single,$100k to $120k,112500.0,2021-03-31,45,13500,0.7048006075504101,725.0,3,2,4,0,8087.586971640955,334578.52199015697,0.5360143557728819,190.29616403861073,0,165.86292947673658,0,356.1590935153473,0.05,0.49999999999999994,4757.404100965267,465.2544704148577,-109.09537689951037,-207.0780373539293,-109.09537689951037
105388,36,M,College,Single,$100k to $120k,112500.0,2021-04-30,46,13500,0.7765229009366914,725.0,3,2,4,0,8910.600288248534,334665.79015716957,0.5623507819043243,209.66118325290668,0,182.741560911497,0,392.40274416440366,0.05,0.49999999999999994,5241.529581322667,484.1254803573993,-91.72273619299563,-298.8007735469249,-91.72273619299563
105388,36,M,College,Single,$100k to $120k,112500.0,2021-05-31,47,13500,0.8462792598842457,720.0,3,2,4,0,9711.054507171719,334580.53920844616,0.5879653169098663,228.49540016874636,0,199.15754285124666,0,427.652943019993,0.05,0.49999999999999994,5712.385004218658,470.85542289599107,-43.20247987599805,-342.00325342292297,-43.20247987599805
105388,36,M,College,Single,$100k to $120k,112500.0,2021-06-30,48,13500,0.9125656429440969,695.0,3,2,4,1,10471.690752783512,334521.52957069746,0.6123056767694437,246.39272359490616,30,0.0,100,376.39272359490616,0.15,0.6,7391.781707847185,1679.3967036285276,-1303.0039800336215,-1645.0072334565443,-1303.0039800336212
105388,36,M,College,Single,$100k to $120k,112500.0,2021-07-31,49,13500,0.966045429026549,675.0,4,4,4,2,13041.613291858412,336491.63233249506,0.8336537397996635,49.777595265266164,30,0.0,0,79.77759526526617,0.4,0.9,11737.45196267257,4345.670254825385,-4265.892659560119,-5910.899893016664,-4265.892659560119
105388,36,M,College,Single,$100k to $120k,112500.0,2021-08-31,50,13500,0.9744792235030383,655.0,4,4,4,3,13155.469517291016,333929.6112613721,0.8385116054181213,1.6434206893480405,30,0.0,0,31.64342068934804,0.65,0.9,11839.922565561916,102.47060288934517,-70.82718219999714,-5981.7270752166605,-70.82718219999697
105388,36,M,College,Single,$100k to $120k,112500.0,2021-09-30,51,13500,0.9815844863607345,635.0,4,4,4,4,13155.469517291016,333854.11925581424,0.8385116054181213,0.0,0,0.0,0,0.0,0.72,0.9,11926.251509282924,86.32894372100782,-86.32894372100782,-6068.056018937668,-86.32894372100782
105388,36,M,College,Single,$100k to $120k,112500.0,2021-10-31,52,13500,0.9891717044935937,615.0,4,4,4,5,13155.469517291016,333789.60634506197,0.8385116054181213,0.0,0,0.0,0,0.0,0.8,0.9,12018.436209597163,92.18470031423931,-92.18470031423931,-6160.240719251908,-92.18470031423931
105388,36,M,College,Single,$100k to $120k,112500.0,2021-11-30,53,13500,0.99,595.0,4,4,4,6,13155.469517291016,333793.76443263795,0.8385116054181213,0.0,0,0.0,0,0.0,0.84,0.9,12028.5,10.063790402837185,-10.063790402837185,-6170.304509654745,-10.063790402837185
105388,36,M,College,Single,$100k to $120k,112500.0,2021-12-31,54,13500,0.99,575.0,4,4,4,7,13155.469517291016,333911.33820805966,0.8385116054181213,0.0,0,0.0,0,0.0,0.86,0.9,12028.5,0.0,0.0,-6170.304509654745,0.0
105389,32,M,College,Single,$100k to $120k,112500.0,2017-07-31,1,13200,0.13663498029211307,753.0,0,0,0,0,0.0,12710.587921840875,0.03325036870945862,36.07163479711785,0,0.0,0,36.07163479711785,0.05,0.05,90.17908699279462,90.17908699279462,-54.10745219567677,-54.10745219567677,-54.10745219567677
105389,32,M,College,Single,$100k to $120k,112500.0,2017-08-31,2,13200,0.13834758890426926,753.0,0,0,0,0,0.0,12398.8657151897,0.03325036870945862,36.52376347072708,0,0.0,0,36.52376347072708,0.05,0.05,91.30940867681771,1.1303216840230874,35.393441786703995,-18.714010408972776,35.393441786703995
105389,32,M,College,Single,$100k to $120k,112500.0,2017-09-30,3,13200,0.19160936177505958,751.0,0,0,0,0,0.0,12087.143508538526,0.03325036870945862,50.58487150861573,0,0.0,0,50.58487150861573,0.05,0.05,126.46217877153933,35.15277009472162,15.43210141389411,-3.281908995078666,15.43210141389411
105389,32,M,College,Single,$100k to $120k,112500.0,2017-10-31,4,13200,0.15881995115190964,752.0,0,0,0,0,0.0,11775.421301887352,0.03325036870945862,41.92846710410415,0,0.0,0,41.92846710410415,0.05,0.05,104.82116776026037,-21.641011011278962,63.56947811538311,60.28756912030445,63.56947811538311
105389,32,M,College,Single,$100k to $120k,112500.0,2017-11-30,5,13200,0.15149909263799466,752.0,0,0,0,0,0.0,11463.699095236178,0.03325036870945862,39.99576045643059,0,0.0,0,39.99576045643059,0.05,0.05,99.98940114107647,-4.831766619183895,44.82752707561448,105.11509619591894,44.82752707561449
105389,32,M,College,Single,$100k to $120k,112500.0,2017-12-31,6,13200,0.18656068739318954,751.0,0,0,0,0,0.0,11151.976888585003,0.03325036870945862,49.25202147180204,0,0.0,0,49.25202147180204,0.05,0.05,123.1300536795051,23.140652538428625,26.111368933373413,131.22646512929236,26.111368933373427
105389,33,M,College,Single,$100k to $120k,112500.0,2018-01-31,7,13200,0.1931106002315221,751.0,0,0,0,0,0.0,10840.254681933828,0.03325036870945862,50.981198461121835,0,0.0,0,50.981198461121835,0.05,0.05,127.45299615280459,4.322942473299491,46.65825598782234,177.8847211171147,46.65825598782234
105389,33,M,College,Single,$100k to $120k,112500.0,2018-02-28,8,13200,0.15762782298394376,752.0,0,0,0,0,0.0,10528.532475282653,0.03325036870945862,41.61374526776115,0,0.0,0,41.61374526776115,0.05,0.05,104.03436316940288,-23.418632983401707,65.03237825116287,242.91709936827758,65.03237825116287
105389,33,M,College,Single,$100k to $120k,112500.0,2018-03-31,9,13200,0.13920750727409453,753.0,0,0,0,0,0.0,10216.81026863148,0.03325036870945862,36.75078192036096,0,0.0,0,36.75078192036096,0.05,0.05,91.8769548009024,-12.157408368500484,48.90819028886144,291.825289657139,48.90819028886145
105389,33,M,College,Single,$100k to $120k,112500.0,2018-04-30,10,13200,0.15321951722621807,752.0,0,0,0,0,0.0,9905.088061980305,0.03325036870945862,40.44995254772157,0,0.0,0,40.44995254772157,0.05,0.05,101.12488136930392,9.247926568401525,31.202025979320048,323.0273156364591,31.20202597932007
105389,33,M,College,Single,$100k to $120k,112500.0,2018-05-31,11,13200,0.13260775427295646,753.0,0,0,0,0,0.0,9593.36585532913,0.03325036870945862,35.00844712806051,0,0.0,0,35.00844712806051,0.05,0.05,87.52111782015126,-13.60376354915266,48.61221067721317,371.63952631367226,48.61221067721317
105389,33,M,College,Single,$100k to $120k,112500.0,2018-06-30,12,13200,0.14424949141877258,753.0,0,0,0,0,0.0,9281.643648677957,0.03325036870945862,38.08186573455596,0,0.0,100,138.08186573455595,0.05,0.05,95.2046643363899,7.683546516238636,130.3983192183173,502.03784553198955,130.39831921831728
105389,33,M,College,Single,$100k to $120k,112500.0,2018-07-31,13,13200,0.1466711541173174,753.0,0,0,0,0,0.0,8969.921442026782,0.03325036870945862,38.721184686971796,0,0.0,0,38.721184686971796,0.05,0.05,96.80296171742948,1.5982973810395862,37.12288730593221,539.1607328379217,37.12288730593218
105389,33,M,College,Single,$100k to $120k,112500.0,2018-08-31,14,13200,0.1770738225286586,751.0,0,0,0,0,0.0,8658.199235375607,0.03325036870945862,46.74748914756588,0,0.0,0,46.74748914756588,0.05,0.05,116.86872286891469,20.065761151485205,26.681727996080674,565.8424608340024,26.681727996080667
105389,33,M,College,Single,$100k to $120k,112500.0,2018-09-30,15,13200,0.16890719879623697,752.0,0,0,0,0,0.0,8346.477028724432,0.03325036870945862,44.591500482206555,0,0.0,0,44.591500482206555,0.05,0.05,111.4787512055164,-5.389971663398285,49.98147214560484,615.8239329796072,49.98147214560481
105389,33,M,College,Single,$100k to $120k,112500.0,2018-10-31,16,13200,0.15958549330926514,752.0,0,0,0,0,0.0,8034.754822073258,0.03325036870945862,42.130570233646,0,0.0,0,42.130570233646,0.05,0.05,105.32642558411499,-6.152325621401417,48.282895855047414,664.1068288346546,48.2828958550474
105389,33,M,College,Single,$100k to $120k,112500.0,2018-11-30,17,13200,0.13426223702250492,753.0,0,0,0,0,0.0,7723.032615422083,0.03325036870945862,35.4452305739413,0,0.0,0,35.4452305739413,0.05,0.05,88.61307643485324,-16.713349149261745,52.15857972320305,716.2654085578577,52.15857972320305
105389,33,M,College,Single,$100k to $120k,112500.0,2018-12-31,18,13200,0.16062241896928273,752.0,0,0,0,0,0.0,7411.310408770908,0.03325036870945862,42.40431860789064,0,0.0,0,42.40431860789064,0.05,0.05,106.0107965197266,17.397720084873356,25.00659852301728,741.2720070808749,25.00659852301726
105389,34,M,College,Single,$100k to $120k,112500.0,2019-01-31,19,13200,0.13793119714815655,753.0,0,0,0,0,0.0,7099.588202119734,0.03325036870945862,36.41383604711333,0,0.0,0,36.41383604711333,0.05,0.05,91.03459011778332,-14.976206401943273,51.3900424490566,792.6620495299316,51.39004244905664
105389,34,M,College,Single,$100k to $120k,112500.0,2019-02-28,20,13200,0.1468520930833857,753.0,0,0,0,0,0.0,6787.865995468559,0.03325036870945862,38.768952574013824,0,0.0,0,38.768952574013824,0.05,0.05,96.92238143503457,5.887791317251242,32.88116125676258,825.5432107866941,32.88116125676254
105389,34,M,College,Single,$100k to $120k,112500.0,2019-03-31,21,13200,0.14722945082348848,753.0,0,0,0,0,0.0,6476.143788817385,0.03325036870945862,38.86857501740096,0,0.0,0,38.86857501740096,0.05,0.05,97.17143754350239,0.24905610846782622,38.61951890893313,864.1627296956273,38.61951890893317
105389,34,M,College,Single,$100k to $120k,112500.0,2019-04-30,22,13200,0.15275783729155595,752.0,0,0,0,0,0.0,6164.42158216621,0.03325036870945862,40.328069044970775,0,0.0,0,40.328069044970775,0.05,0.05,100.82017261242693,3.6487350689245375,36.67933397604624,900.8420636716735,36.67933397604622
105389,34,M,College,Single,$100k to $120k,112500.0,2019-05-31,23,13200,0.13863602468113567,753.0,0,0,0,0,0.0,5852.699375515036,0.03325036870945862,36.599910515819815,0,0.0,0,36.599910515819815,0.05,0.05,91.49977628954954,-9.320396322877386,45.9203068386972,946.7623705103707,45.92030683869723
105389,34,M,College,Single,$100k to $120k,112500.0,2019-06-30,24,13200,0.17285613040079786,752.0,0,0,0,0,0.0,5540.977168863861,0.03325036870945862,45.63401842581064,0,0.0,100,145.63401842581064,0.05,0.05,114.0850460645266,22.58526977497705,123.04874865083359,1069.8111191612043,123.04874865083355
105389,34,M,College,Single,$100k to $120k,112500.0,2019-07-31,25,13200,0.1573880004528344,752.0,0,0,0,0,0.0,5229.254962212686,0.03325036870945862,41.55043211954829,0,0.0,0,41.55043211954829,0.05,0.05,103.8760802988707,-10.20896576565589,51.75939788520418,1121.5705170464084,51.75939788520418
105389,34,M,College,Single,$100k to $120k,112500.0,2019-08-31,26,13200,0.18376513973365255,751.0,0,0,0,0,0.0,4917.532755561512,0.03325036870945862,48.51399688968428,0,0.0,0,48.51399688968428,0.05,0.05,121.28499222421068,17.40891192533998,31.1050849643443,1152.6756020107528,31.105084964344314
105389,34,M,College,Single,$100k to $120k,112500.0,2019-09-30,27,13200,0.15157681253200914,752.0,0,0,0,0,0.0,4605.810548910337,0.03325036870945862,40.01627850845041,0,0.0,0,40.01627850845041,0.05,0.05,100.04069627112602,-21.24429595308466,61.26057446153507,1213.9361764722878,61.26057446153504
105389,34,M,College,Single,$100k to $120k,112500.0,2019-10-31,28,13200,0.1749931154115606,752.0,0,0,0,0,0.0,4294.088342259163,0.03325036870945862,46.19818246865199,0,0.0,0,46.19818246865199,0.05,0.05,115.49545617163,15.454759900503973,30.74342256814802,1244.6795990404357,30.743422568147935
105389,34,M,College,Single,$100k to $120k,112500.0,2019-11-30,29,13200,0.1363011379354815,750.0,0,0,3,0,0.0,332518.9805894883,0.26929632906468115,35.98350041496711,0,0.0,0,35.98350041496711,0.05,0.05,89.95875103741778,-25.536705134212212,61.52020554917932,1306.199804589615,61.52020554917931
105389,34,M,College,Single,$100k to $120k,112500.0,2019-12-31,30,13200,0.1906291855656404,750.0,0,0,3,0,0.0,330306.0497111581,0.26929632906468115,50.32610498932907,0,0.0,0,50.32610498932907,0.05,0.05,125.81526247332266,35.85651143590488,14.46959355342419,1320.6693981430392,14.469593553424147
105389,35,M,College,Single,$100k to $120k,112500.0,2020-01-31,31,13200,0.1474969174684357,750.0,0,0,3,0,0.0,328093.1188328279,0.26929632906468115,38.93918621166703,0,0.0,0,38.93918621166703,0.05,0.05,97.34796552916757,-28.467296944155095,67.40648315582212,1388.0758812988613,67.40648315582212
105389,35,M,College,Single,$100k to $120k,112500.0,2020-02-29,32,13200,0.13563863442852345,750.0,0,0,3,0,0.0,325880.18795449764,0.26929632906468115,35.80859948913019,0,0.0,0,35.80859948913019,0.05,0.05,89.52149872282547,-7.826466806342097,43.635066295472285,1431.7109475943337,43.63506629547237
105389,35,M,College,Single,$100k to $120k,112500.0,2020-03-31,33,13200,0.2987902844023693,750.0,1,0,3,0,3352.426990994584,329165.2846278302,0.3408147715392323,78.8806350822255,0,68.75269020698059,0,147.63332528920608,0.05,0.2,788.806350822255,699.2848520994296,-551.6515268102235,880.0594207841102,-551.6515268102235
105389,35,M,College,Single,$100k to $120k,112500.0,2020-04-30,34,13200,0.3162706085788962,745.0,1,0,3,0,3548.5562282552155,325939.96860931156,0.34499886193412577,83.4954406648286,0,72.77497398113404,0,156.27041464596266,0.05,0.2,834.9544066482861,46.148055826031054,110.1223588199316,990.1817796040418,110.1223588199316
105389,35,M,College,Single,$100k to $120k,112500.0,2020-05-31,35,13200,0.33159503593864875,745.0,1,0,3,0,3720.496303231639,325929.0327985252,0.3486669168669561,87.54108948780328,0,76.30117835210886,0,163.84226783991215,0.05,0.2,875.4108948780327,40.45648822974658,123.38577961016557,1113.5675592142074,123.38577961016563
105389,35,M,College,Single,$100k to $120k,112500.0,2020-06-30,36,13200,0.35145677847965046,745.0,1,0,3,0,3943.345054541678,325973.4047570491,0.3534210235615703,92.78458951862773,0,80.87143482689225,100,273.65602434552,0.05,0.2,927.8458951862772,52.435000308244526,221.22102403727547,1334.788583251483,221.22102403727558
105389,35,M,College,Single,$100k to $120k,112500.0,2020-07-31,37,13200,0.3705305809191855,745.0,1,0,3,0,4157.3531179132615,325924.4503564329,0.3579865289134974,97.82007336266497,0,85.26038352653781,0,183.08045688920276,0.05,0.2,978.2007336266497,50.35483844037253,132.72561844883023,1467.5142017003132,132.72561844883012
105389,35,M,College,Single,$100k to $120k,112500.0,2020-08-31,38,13200,0.3915570186278932,745.0,1,0,3,0,4393.269749004962,326040.34587104915,0.3630194170434537,103.3710529177638,0,90.09864043584344,0,193.46969335360723,0.05,0.2,1033.7105291776381,55.50979555098843,137.9598978026188,1605.474099502932,137.9598978026188
105389,35,M,College,Single,$100k to $120k,112500.0,2020-09-30,39,13200,0.41047431936376144,740.0,1,0,3,0,4605.521863261403,325992.211830397,0.3675474621475911,108.36522031203302,0,94.45157754571927,0,202.8167978577523,0.05,0.2,1083.6522031203301,49.94167394269198,152.87512391506033,1758.3492234179923,152.87512391506039
105389,35,M,College,Single,$100k to $120k,112500.0,2020-10-31,40,13200,0.43679765903151585,740.0,1,0,3,0,4900.869734333608,326150.6475717063,0.37384821673046476,115.3145819843202,0,100.50867013495841,0,215.8232521192786,0.05,0.2,1153.145819843202,69.49361672287182,146.3296353964068,1904.678858814399,146.32963539640673
105389,35,M,College,Single,$100k to $120k,112500.0,2020-11-30,41,13200,0.4274177588883067,740.0,2,1,4,0,4795.627254726801,325582.4383926319,0.37160304383218623,112.83828834651297,0,98.35032228235548,0,211.18861062886845,0.05,0.35,1974.670046063977,821.5242262207751,-610.3356155919066,1294.3432432224924,-610.3356155919066
105389,35,M,College,Single,$100k to $120k,112500.0,2020-12-31,42,13200,0.47948858893686686,740.0,2,1,4,0,5379.861967871646,326412.7856381067,0.3840667177126096,126.58498747933285,0,110.33200252443434,0,236.91699000376718,0.05,0.35,2215.2372808883247,240.56723482434768,-3.6502448205804967,1290.692998401912,-3.650244820580383
105389,36,M,College,Single,$100k to $120k,112500.0,2021-01-31,43,13200,0.5265042617994088,735.0,2,1,4,0,5907.377817389367,326286.9578075123,0.39532038916898765,138.99712511504393,0,121.15047340496027,0,260.1475985200042,0.05,0.35,2432.449689513269,217.21240862494415,42.935189895060034,1333.628188296972,42.93518989505992
105389,36,M,College,Single,$100k to $120k,112500.0,2021-02-28,44,13200,0.6380500223308498,730.0,3,2,4,0,7158.9212505521355,327012.0090506365,0.49838180908234947,168.44520589534437,0,146.8175433134067,0,315.2627492087511,0.05,0.49999999999999994,4211.130147383608,1778.6804578703395,-1463.4177086615884,-129.78952036461646,-1463.4177086615884
105389,36,M,College,Single,$100k to $120k,112500.0,2021-03-31,45,13200,0.7029534311223838,725.0,3,2,4,0,7887.137497193146,326559.22459513193,0.5216847289748618,185.5797058163093,0,161.75204483826946,0,347.33175065457874,0.05,0.49999999999999994,4639.492645407733,428.36249802412476,-81.03074736954602,-210.82026773416248,-81.03074736954602
105389,36,M,College,Single,$100k to $120k,112500.0,2021-04-30,46,13200,0.7785572781768175,725.0,3,2,4,0,8735.412661143893,326618.35552159237,0.5488295342212858,205.53912143867984,0,179.14875465895935,0,384.6878760976392,0.05,0.49999999999999994,5138.478035966995,498.98539055926176,-114.29751446162254,-325.117782195785,-114.29751446162254
105389,36,M,College,Single,$100k to $120k,112500.0,2021-05-31,47,13200,0.8444684545328993,720.0,3,2,4,0,9474.93605985913,326533.73131194955,0.5724942829801734,222.93967199668543,0,194.315147027611,0,417.25481902429647,0.05,0.49999999999999994,5573.491799917135,435.01376395013995,-17.75894492584348,-342.8767271216285,-17.75894492584348
105389,36,M,College,Single,$100k to $120k,112500.0,2021-06-30,48,13200,0.9166437730784247,695.0,3,2,4,1,10284.743133939925,326601.9392460337,0.5984081093507588,241.99395609270414,30,0.0,100,371.99395609270414,0.15,0.6,7259.818682781123,1686.3268828639884,-1314.3329267712843,-1657.2096538929127,-1314.3329267712843
105389,36,M,College,Single,$100k to $120k,112500.0,2021-07-31,49,13200,0.9667759946172576,675.0,4,4,4,2,12761.4431289478,328170.2177178604,0.8137845692331206,47.950612750336035,30,0.0,0,77.95061275033603,0.4,0.9,11485.29881605302,4225.480133271897,-4147.529520521561,-5804.739174414473,-4147.529520521561
105389,36,M,College,Single,$100k to $120k,112500.0,2021-08-31,50,13200,0.9716015795063416,655.0,4,4,4,3,12825.140849483709,325809.3704939003,0.8165023386426528,0.6604104922071639,30,0.0,0,30.660410492207163,0.65,0.9,11542.626764535338,57.32794848231788,-26.667537990110716,-5831.406712404584,-26.66753799011076
105389,36,M,College,Single,$100k to $120k,112500.0,2021-09-30,51,13200,0.9823642892017179,635.0,4,4,4,4,12825.140849483709,325693.96995666646,0.8165023386426528,0.0,0,0.0,0,0.0,0.72,0.9,11670.487755716409,127.86099118107086,-127.86099118107086,-5959.267703585655,-127.86099118107086
105389,36,M,College,Single,$100k to $120k,112500.0,2021-10-31,52,13200,0.9877899217599363,615.0,4,4,4,5,12825.140849483709,325757.83726425533,0.8165023386426528,0.0,0,0.0,0,0.0,0.8,0.9,11734.944270508044,64.45651479163462,-64.45651479163462,-6023.72421837729,-64.45651479163462
105389,36,M,College,Single,$100k to $120k,112500.0,2021-11-30,53,13200,0.99,595.0,4,4,4,6,12825.140849483709,325854.6156098902,0.8165023386426528,0.0,0,0.0,0,0.0,0.84,0.9,11761.2,26.255729491957027,-26.255729491957027,-6049.979947869247,-26.255729491957027
105389,36,M,College,Single,$100k to $120k,112500.0,2021-12-31,54,13200,0.99,575.0,4,4,4,7,12825.140849483709,325828.0366300538,0.8165023386426528,0.0,0,0.0,0,0.0,0.86,0.9,11761.2,0.0,0.0,-6049.979947869247,0.0
105390,32,M,College,Single,$100k to $120k,112500.0,2017-07-31,1,13800,0.17489150357981037,752.0,0,0,0,0,0.0,12596.34057061144,0.037073725025724306,48.27005498802766,0,0.0,0,48.27005498802766,0.05,0.05,120.67513747006916,120.67513747006916,-72.40508248204151,-72.40508248204151,-72.40508248204151
105390,32,M,College,Single,$100k to $120k,112500.0,2017-08-31,2,13800,0.17519113312151055,751.0,0,0,0,0,0.0,12248.774398495276,0.037073725025724306,48.35275274153692,0,0.0,0,48.35275274153692,0.05,0.05,120.88188185384227,0.20674438377311333,48.146008357763804,-24.259074124277703,48.146008357763804
105390,32,M,College,Single,$100k to $120k,112500.0,2017-09-30,3,13800,0.13887691950007128,753.0,0,0,0,0,0.0,11901.20822637911,0.037073725025724306,38.33002978201967,0,0.0,0,38.33002978201967,0.05,0.05,95.82507445504918,-25.056807398793097,63.38683718081277,39.127763056535066,63.38683718081277
105390,32,M,College,Single,$100k to $120k,112500.0,2017-10-31,4,13800,0.15722569294836172,752.0,0,0,0,0,0.0,11553.642054262946,0.037073725025724306,43.39429125374783,0,0.0,0,43.39429125374783,0.05,0.05,108.4857281343696,12.660653679320419,30.733637574427412,69.86140063096248,30.733637574427412
105390,32,M,College,Single,$100k to $120k,112500.0,2017-11-30,5,13800,0.18832409524327653,751.0,0,0,0,0,0.0,11206.075882146779,0.037073725025724306,51.97745028714432,0,0.0,0,51.97745028714432,0.05,0.05,129.9436257178608,21.457897583491217,30.519552703653105,100.38095333461558,30.519552703653105
105390,32,M,College,Single,$100k to $120k,112500.0,2017-12-31,6,13800,0.1956773882448669,751.0,0,0,0,0,0.0,10858.509710030614,0.037073725025724306,54.006959155583274,0,0.0,0,54.006959155583274,0.05,0.05,135.01739788895816,5.073772171097346,48.93318698448593,149.3141403191015,48.93318698448593
105390,33,M,College,Single,$100k to $120k,112500.0,2018-01-31,7,13800,0.1457009682597296,753.0,0,0,0,0,0.0,10510.943537914449,0.037073725025724306,40.21346723968537,0,0.0,0,40.21346723968537,0.05,0.05,100.53366809921343,-34.48372978974473,74.6971970294301,224.0113373485316,74.6971970294301
105390,33,M,College,Single,$100k to $120k,112500.0,2018-02-28,8,13800,0.19886872599955996,751.0,0,0,0,0,0.0,10163.377365798284,0.037073725025724306,54.88776837587855,0,0.0,0,54.88776837587855,0.05,0.05,137.21942093969636,36.685752840482934,18.202015535395617,242.21335288392723,18.202015535395617
105390,33,M,College,Single,$100k to $120k,112500.0,2018-03-31,9,13800,0.189728570993061,751.0,0,0,0,0,0.0,9815.811193682119,0.037073725025724306,52.36508559408484,0,0.0,0,52.36508559408484,0.05,0.05,130.9127139852121,-6.3067069544842695,58.67179254856911,300.88514543249636,58.67179254856913
105390,33,M,College,Single,$100k to $120k,112500.0,2018-04-30,10,13800,0.16470362894706547,752.0,0,0,0,0,0.0,9468.245021565952,0.037073725025724306,45.45820158939007,0,0.0,0,45.45820158939007,0.05,0.05,113.64550397347517,-17.26721001173692,62.72541160112699,363.61055703362337,62.72541160112701
105390,33,M,College,Single,$100k to $120k,112500.0,2018-05-31,11,13800,0.1586909599542278,752.0,0,0,0,0,0.0,9120.678849449787,0.037073725025724306,43.79870494736687,0,0.0,0,43.79870494736687,0.05,0.05,109.49676236841718,-4.148741605057992,47.947446552424864,411.55800358604824,47.94744655242488
105390,33,M,College,Single,$100k to $120k,112500.0,2018-06-30,12,13800,0.16151430794470806,752.0,0,0,0,0,0.0,8773.112677333622,0.037073725025724306,44.57794899273942,0,0.0,100,144.57794899273944,0.05,0.05,111.44487248184856,1.9481101134313832,142.62983887930807,554.1878424653563,142.62983887930807
105390,33,M,College,Single,$100k to $120k,112500.0,2018-07-31,13,13800,0.18683351359420033,751.0,0,0,0,0,0.0,8425.546505217457,0.037073725025724306,51.56604975199929,0,0.0,0,51.56604975199929,0.05,0.05,128.91512437999822,17.470251898149655,34.09579785384963,588.2836403192059,34.095797853849604
105390,33,M,College,Single,$100k to $120k,112500.0,2018-08-31,14,13800,0.1785448153142573,751.0,0,0,0,0,0.0,8077.980333101291,0.037073725025724306,49.27836902673502,0,0.0,0,49.27836902673502,0.05,0.05,123.19592256683754,-5.71920181316068,54.9975708398957,643.2812111591016,54.99757083989573
105390,33,M,College,Single,$100k to $120k,112500.0,2018-09-30,15,13800,0.13673445775699886,753.0,0,0,0,0,0.0,7730.414160985126,0.037073725025724306,37.73871034093168,0,0.0,0,37.73871034093168,0.05,0.05,94.34677585232922,-28.849146714508322,66.58785705544,709.8690682145416,66.58785705543994
105390,33,M,College,Single,$100k to $120k,112500.0,2018-10-31,16,13800,0.18940437906719879,751.0,0,0,0,0,0.0,7382.84798886896,0.037073725025724306,52.27560862254686,0,0.0,0,52.27560862254686,0.05,0.05,130.68902155636715,36.342245704037936,15.933362918508926,725.8024311330505,15.93336291850892
105390,33,M,College,Single,$100k to $120k,112500.0,2018-11-30,17,13800,0.1661651309148634,752.0,0,0,0,0,0.0,7035.281816752795,0.037073725025724306,45.8615761325023,0,0.0,0,45.8615761325023,0.05,0.05,114.65394033125575,-16.035081225111398,61.8966573576137,787.6990884906642,61.89665735761366
105390,33,M,College,Single,$100k to $120k,112500.0,2018-12-31,18,13800,0.1503703398471869,752.0,0,0,0,0,0.0,6687.71564463663,0.037073725025724306,41.50221379782358,0,0.0,0,41.50221379782358,0.05,0.05,103.75553449455896,-10.898405836696796,52.400619634520375,840.0997081251845,52.40061963452035
105390,34,M,College,Single,$100k to $120k,112500.0,2019-01-31,19,13800,0.1680320468231722,752.0,0,0,0,0,0.0,6340.149472520464,0.037073725025724306,46.37684492319552,0,0.0,0,46.37684492319552,0.05,0.05,115.94211230798881,12.18657781342985,34.19026710976567,874.2899752349501,34.190267109765614
105390,34,M,College,Single,$100k to $120k,112500.0,2019-02-28,20,13800,0.15812085156871317,752.0,0,0,0,0,0.0,5992.583300404299,0.037073725025724306,43.64135503296483,0,0.0,0,43.64135503296483,0.05,0.05,109.10338758241208,-6.838724725576725,50.48007975854156,924.7700549934917,50.48007975854159
105390,34,M,College,Single,$100k to $120k,112500.0,2019-03-31,21,13800,0.17236730457256477,752.0,0,0,0,0,0.0,5645.017128288133,0.037073725025724306,47.573376062027876,0,0.0,0,47.573376062027876,0.05,0.05,118.93344015506969,9.830052572657607,37.74332348937027,962.513378482862,37.743323489370255
105390,34,M,College,Single,$100k to $120k,112500.0,2019-04-30,22,13800,0.1957831358163466,751.0,0,0,0,0,0.0,5297.450956171968,0.037073725025724306,54.036145485311664,0,0.0,0,54.036145485311664,0.05,0.05,135.09036371327915,16.156923558209456,37.87922192710221,1000.3926004099642,37.87922192710221
105390,34,M,College,Single,$100k to $120k,112500.0,2019-05-31,23,13800,0.19549405285213634,751.0,0,0,0,0,0.0,4949.884784055803,0.037073725025724306,53.95635858718963,0,0.0,0,53.95635858718963,0.05,0.05,134.89089646797407,-0.19946724530507254,54.1558258324947,1054.5484262424588,54.155825832494656
105390,34,M,College,Single,$100k to $120k,112500.0,2019-06-30,24,13800,0.13831330194576083,753.0,0,0,0,0,0.0,4602.318611939637,0.037073725025724306,38.17447133702999,0,0.0,100,138.17447133702998,0.05,0.05,95.43617834257498,-39.4547181253991,177.62918946242908,1232.177615704888,177.62918946242917
105390,34,M,College,Single,$100k to $120k,112500.0,2019-07-31,25,13800,0.1820103318139033,751.0,0,0,0,0,0.0,4254.752439823473,0.037073725025724306,50.23485158063732,0,0.0,0,50.23485158063732,0.05,0.05,125.58712895159329,30.15095060901831,20.08390097161901,1252.261516676507,20.08390097161896
105390,34,M,College,Single,$100k to $120k,112500.0,2019-08-31,26,13800,0.18210750728206862,751.0,0,0,0,0,0.0,3907.186267707306,0.037073725025724306,50.26167200985094,0,0.0,0,50.26167200985094,0.05,0.05,125.65418002462735,0.06705107303406521,50.194620936816875,1302.4561376133238,50.19462093681682
105390,34,M,College,Single,$100k to $120k,112500.0,2019-09-30,27,13800,0.19295004756929357,751.0,0,0,0,0,0.0,3559.620095591141,0.037073725025724306,53.25421312912503,0,0.0,0,53.25421312912503,0.05,0.05,133.13553282281256,7.481352798185213,45.772860330939814,1348.2289979442637,45.77286033093992
105390,34,M,College,Single,$100k to $120k,112500.0,2019-10-31,28,13800,0.13827092388005355,753.0,0,0,0,0,0.0,3212.053923474976,0.037073725025724306,38.162774990894775,0,0.0,0,38.162774990894775,0.05,0.05,95.40693747723695,-37.72859534557561,75.89137033647039,1424.120368280734,75.89137033647035
105390,34,M,College,Single,$100k to $120k,112500.0,2019-11-30,29,13800,0.19035466358495337,750.0,0,0,3,0,0.0,310117.21767325286,0.29462184264807395,52.53788714944714,0,0.0,0,52.53788714944714,0.05,0.05,131.34471787361784,35.93778039638089,16.60010675306625,1440.7204750338003,16.600106753066257
105390,34,M,College,Single,$100k to $120k,112500.0,2019-12-31,30,13800,0.14968882696609714,750.0,0,0,3,0,0.0,307702.70407054335,0.29462184264807395,41.31411624264281,0,0.0,0,41.31411624264281,0.05,0.05,103.28529060660703,-28.059427267010804,69.37354350965362,1510.094018543454,69.3735435096537
105390,35,M,College,Single,$100k to $120k,112500.0,2020-01-31,31,13800,0.17379822354372937,750.0,0,0,3,0,0.0,305288.19046783383,0.29462184264807395,47.968309698069305,0,0.0,0,47.968309698069305,0.05,0.05,119.92077424517326,16.635483638566228,31.332826059503077,1541.426844602957,31.332826059503077
105390,35,M,College,Single,$100k to $120k,112500.0,2020-02-29,32,13800,0.14891477079662227,750.0,0,0,3,0,0.0,302873.67686512426,0.29462184264807395,41.100476739867744,0,0.0,0,41.100476739867744,0.05,0.05,102.75119184966937,-17.169582395503895,58.27005913537164,1599.6969037383287,58.27005913537164
105390,35,M,College,Single,$100k to $120k,112500.0,2020-03-31,33,13800,0.29351959694239765,750.0,1,0,3,0,3442.9848721343246,306212.0522956927,0.3680721865869395,81.01140875610176,0,70.60988141935478,0,151.62129017545652,0.05,0.2,810.1140875610175,707.3628957113482,-555.7416055358917,1043.955298202437,-555.7416055358917
105390,35,M,College,Single,$100k to $120k,112500.0,2020-04-30,34,13800,0.3122253847321554,745.0,1,0,3,0,3662.4037629081827,302991.31418927235,0.3727531229234485,86.17420618607488,0,75.10979717097531,0,161.2840033570502,0.05,0.2,861.7420618607489,51.62797429973136,109.65602905731885,1153.6113272597559,109.65602905731885
105390,35,M,College,Single,$100k to $120k,112500.0,2020-05-31,35,13800,0.33928290894121516,745.0,1,0,3,0,3979.7885218804536,303057.2931432541,0.3795239977815236,93.64208286777539,0,81.6188296028983,0,175.2609124706737,0.05,0.2,936.4208286777538,74.67876681700488,100.58214565366882,1254.1934729134246,100.5821456536687
105390,35,M,College,Single,$100k to $120k,112500.0,2020-06-30,36,13800,0.35088017883993955,745.0,1,0,3,0,4115.824497792491,302846.1493762053,0.3824260986009804,96.84292935982332,0,84.40870074222767,100,281.25163010205097,0.05,0.2,968.4292935982331,32.008464920479355,249.2431651815716,1503.4366380949962,249.2431651815716
105390,35,M,College,Single,$100k to $120k,112500.0,2020-07-31,37,13800,0.37199515969661867,745.0,1,0,3,0,4363.503223241337,303062.92436655925,0.3877099114105558,102.67066407626675,0,89.48817860330774,0,192.1588426795745,0.05,0.2,1026.7066407626676,58.277347164434445,133.88149551514005,1637.318133610136,133.88149551513993
105390,35,M,College,Single,$100k to $120k,112500.0,2020-08-31,38,13800,0.3986889107838307,745.0,1,0,3,0,4676.6209234943335,303021.58607524604,0.39438975568261975,110.03813937633726,0,95.90970077266296,0,205.94784014900023,0.05,0.2,1100.3813937633727,73.6747530007051,132.27308714829513,1769.5912207584313,132.2730871482952
105390,35,M,College,Single,$100k to $120k,112500.0,2020-09-30,39,13800,0.4190871184823627,740.0,1,0,3,0,4915.8918997981145,302927.2497741969,0.3994942031771004,115.66804470113209,0,100.81674971169299,0,216.48479441282507,0.05,0.2,1156.6804470113211,56.29905324794845,160.18574116487662,1929.776961923308,160.18574116487662
105390,35,M,College,Single,$100k to $120k,112500.0,2020-10-31,40,13800,0.4387622989541382,740.0,1,0,3,0,5146.681766732041,302962.5038966193,0.4044177203383575,121.09839451134214,0,105.54986523272962,0,226.64825974407177,0.05,0.2,1210.9839451134214,54.30349810210032,172.34476164197144,2102.1217235652794,172.34476164197144
105390,35,M,College,Single,$100k to $120k,112500.0,2020-11-30,41,13800,0.42605544802528056,740.0,2,1,4,0,4997.630405336541,302611.33192099934,0.4012379579619202,117.59130365497744,0,102.49307022944356,0,220.08437388442098,0.05,0.35,2057.847813962105,846.8638688486838,-626.7794949642628,1475.3422286010166,-626.7794949642628
105390,35,M,College,Single,$100k to $120k,112500.0,2020-12-31,42,13800,0.47211126763156064,740.0,2,1,4,0,5537.865169318206,303340.23919260094,0.4127629662601957,130.30270986631075,0,113.57238484743422,0,243.87509471374497,0.05,0.35,2280.297422660438,222.44960869833267,21.425486015412304,1496.767714616429,21.42548601541239
105390,36,M,College,Single,$100k to $120k,112500.0,2021-01-31,43,13800,0.5204605781206731,735.0,2,1,4,0,6105.002581355496,303294.91982170724,0.4248618977169912,143.6471195613058,0,125.20342793929896,0,268.85054750060476,0.05,0.35,2513.8245923228515,233.5271696624136,35.32337783819116,1532.0910924546201,35.32337783819116
105390,36,M,College,Single,$100k to $120k,112500.0,2021-02-28,44,13800,0.6302744992968888,730.0,3,2,4,0,7393.119876752506,303978.60645054444,0.5312016787041541,173.95576180594134,0,151.62056680573264,0,325.57632861167394,0.05,0.49999999999999994,4348.894045148532,1835.0694528256809,-1509.493124214007,22.597968240613227,-1509.493124214007
105390,36,M,College,Single,$100k to $120k,112500.0,2021-03-31,45,13800,0.7096848435597408,725.0,3,2,4,0,8324.60321495576,303653.67754324956,0.5610091455266581,195.87301682248847,0,170.72373760005104,0,366.5967544225395,0.05,0.49999999999999994,4896.825420562211,547.9313754136783,-181.33462099113882,-158.7366527505256,-181.33462099113882
105390,36,M,College,Single,$100k to $120k,112500.0,2021-04-30,46,13800,0.7736139837082802,725.0,3,2,4,0,9074.492028898127,303538.55904585944,0.585005587572814,213.51745950348533,0,186.10270735931908,0,399.6201668628044,0.05,0.49999999999999994,5337.936487587132,441.1110670249218,-41.490900162117384,-200.22755291264298,-41.490900162117384
105390,36,M,College,Single,$100k to $120k,112500.0,2021-05-31,47,13800,0.846781936004311,720.0,3,2,4,0,9932.752109330568,303644.59808203776,0.6124699101466521,233.71181433718982,0,203.70419117552106,0,437.41600551271085,0.05,0.49999999999999994,5842.795358429745,504.8588708426123,-67.44286532990145,-267.67041824254443,-67.44286532990145
105390,36,M,College,Single,$100k to $120k,112500.0,2021-06-30,48,13800,0.9189836329477004,695.0,3,2,4,1,10779.678014476525,303680.60684937355,0.6395715391113228,253.6394826935653,30,0.0,100,383.6394826935653,0.15,0.6,7609.184480806959,1766.3891223772143,-1382.749639683649,-1650.4200579261935,-1382.749639683649
105390,36,M,College,Single,$100k to $120k,112500.0,2021-07-31,49,13800,0.963444072912847,675.0,4,4,4,2,13295.528206197288,305294.02388946083,0.8618977127791583,48.71788128571408,30,0.0,0,78.71788128571407,0.4,0.9,11965.97538557756,4356.790904770601,-4278.073023484887,-5928.49308141108,-4278.073023484887
105390,36,M,College,Single,$100k to $120k,112500.0,2021-08-31,50,13800,0.9748591276553014,655.0,4,4,4,3,13453.055961643158,302870.1488490605,0.8686188970115154,2.499298658920698,30,0.0,0,32.4992986589207,0.65,0.9,12107.750365478843,141.7749799012836,-109.27568124236288,-6037.768762653443,-109.27568124236313
105390,36,M,College,Single,$100k to $120k,112500.0,2021-09-30,51,13800,0.9795046346983779,635.0,4,4,4,4,13453.055961643158,302848.6902766651,0.8686188970115154,0.0,0,0.0,0,0.0,0.72,0.9,12165.447562953854,57.6971974750104,-57.6971974750104,-6095.465960128454,-57.6971974750104
105390,36,M,College,Single,$100k to $120k,112500.0,2021-10-31,52,13800,0.99,615.0,4,4,4,5,13453.055961643158,302684.3287640946,0.8686188970115154,0.0,0,0.0,0,0.0,0.8,0.9,12295.8,130.3524370461455,-130.3524370461455,-6225.818397174599,-130.3524370461455
105390,36,M,College,Single,$100k to $120k,112500.0,2021-11-30,53,13800,0.99,595.0,4,4,4,6,13453.055961643158,302829.18295413896,0.8686188970115154,0.0,0,0.0,0,0.0,0.84,0.9,12295.8,0.0,0.0,-6225.818397174599,0.0
105390,36,M,College,Single,$100k to $120k,112500.0,2021-12-31,54,13800,0.99,575.0,4,4,4,7,13453.055961643158,302678.89359639894,0.8686188970115154,0.0,0,0.0,0,0.0,0.86,0.9,12295.8,0.0,0.0,-6225.818397174599,0.0
105391,32,M,College,Single,$100k to $120k,112500.0,2017-07-31,1,13700,0.18269944278527164,751.0,0,0,0,0,0.0,12954.882664896086,0.03476606560985555,50.05964732316443,0,0.0,0,50.05964732316443,0.05,0.05,125.14911830791108,125.14911830791108,-75.08947098474665,-75.08947098474665,-75.08947098474665
105391,32,M,College,Single,$100k to $120k,112500.0,2017-08-31,2,13700,0.17452545783206985,752.0,0,0,0,0,0.0,12628.95079980369,0.03476606560985555,47.81997544598714,0,0.0,0,47.81997544598714,0.05,0.05,119.54993861496784,-5.599179692943238,53.41915513893038,-21.670315845816276,53.41915513893038
105391,32,M,College,Single,$100k to $120k,112500.0,2017-09-30,3,13700,0.18217030467808765,751.0,0,0,0,0,0.0,12303.018934711294,0.03476606560985555,49.91466348179602,0,0.0,0,49.91466348179602,0.05,0.05,124.78665870449004,5.236720089522194,44.677943392273825,23.00762754645755,44.677943392273825
105391,32,M,College,Single,$100k to $120k,112500.0,2017-10-31,4,13700,0.18034291188719248,751.0,0,0,0,0,0.0,11977.087069618898,0.03476606560985555,49.413957857090736,0,0.0,0,49.413957857090736,0.05,0.05,123.53489464272685,-1.2517640617631827,50.66572191885392,73.67334946531147,50.665721918853926
105391,32,M,College,Single,$100k to $120k,112500.0,2017-11-30,5,13700,0.15078458485520266,752.0,0,0,0,0,0.0,11651.155204526503,0.03476606560985555,41.31497625032553,0,0.0,0,41.31497625032553,0.05,0.05,103.28744062581382,-20.24745401691304,61.56243026723857,135.23577973255004,61.56243026723857
105391,32,M,College,Single,$100k to $120k,112500.0,2017-12-31,6,13700,0.15339179853044776,752.0,0,0,0,0,0.0,11325.223339434107,0.03476606560985555,42.02935279734269,0,0.0,0,42.02935279734269,0.05,0.05,105.07338199335672,1.785941367542904,40.243411429799785,175.47919116234982,40.24341142979978
105391,33,M,College,Single,$100k to $120k,112500.0,2018-01-31,7,13700,0.17938704930220725,751.0,0,0,0,0,0.0,10999.291474341711,0.03476606560985555,49.15205150880479,0,0.0,0,49.15205150880479,0.05,0.05,122.88012877201197,17.806746778655253,31.345304730149536,206.82449589249936,31.345304730149536
105391,33,M,College,Single,$100k to $120k,112500.0,2018-02-28,8,13700,0.15664938836151654,752.0,0,0,0,0,0.0,10673.359609249315,0.03476606560985555,42.92193241105553,0,0.0,0,42.92193241105553,0.05,0.05,107.30483102763883,-15.575297744373145,58.497230155428674,265.32172604792805,58.497230155428696
105391,33,M,College,Single,$100k to $120k,112500.0,2018-03-31,9,13700,0.17842859635526254,751.0,0,0,0,0,0.0,10347.42774415692,0.03476606560985555,48.889435401341935,0,0.0,0,48.889435401341935,0.05,0.05,122.22358850335483,14.918757475716006,33.97067792562593,299.292403973554,33.97067792562592
105391,33,M,College,Single,$100k to $120k,112500.0,2018-04-30,10,13700,0.13624161079563427,753.0,0,0,0,0,0.0,10021.495879064525,0.03476606560985555,37.33020135800379,0,0.0,0,37.33020135800379,0.05,0.05,93.32550339500948,-28.898085108345356,66.22828646634915,365.5206904399031,66.22828646634912
105391,33,M,College,Single,$100k to $120k,112500.0,2018-05-31,11,13700,0.13107483006361004,753.0,0,0,0,0,0.0,9695.564013972129,0.03476606560985555,35.91450343742915,0,0.0,0,35.91450343742915,0.05,0.05,89.78625859357288,-3.5392448014365954,39.45374823886574,404.9744386787688,39.45374823886573
105391,33,M,College,Single,$100k to $120k,112500.0,2018-06-30,12,13700,0.13364009719217534,753.0,0,0,0,0,0.0,9369.632148879733,0.03476606560985555,36.61738663065604,0,0.0,100,136.61738663065603,0.05,0.05,91.54346657664011,1.7572079830672322,134.86017864758878,539.8346173263576,134.86017864758878
105391,33,M,College,Single,$100k to $120k,112500.0,2018-07-31,13,13700,0.18559894783433756,751.0,0,0,0,0,0.0,9043.700283787337,0.03476606560985555,50.85411170660849,0,0.0,0,50.85411170660849,0.05,0.05,127.13527926652122,35.59181268988111,15.262299016727383,555.096916343085,15.262299016727411
105391,33,M,College,Single,$100k to $120k,112500.0,2018-08-31,14,13700,0.17591917952496927,751.0,0,0,0,0,0.0,8717.768418694941,0.03476606560985555,48.20185518984158,0,0.0,0,48.20185518984158,0.05,0.05,120.50463797460395,-6.6306412919172715,54.83249648175885,609.9294128248439,54.83249648175888
105391,33,M,College,Single,$100k to $120k,112500.0,2018-09-30,15,13700,0.18632002047601376,751.0,0,0,0,0,0.0,8391.836553602545,0.03476606560985555,51.05168561042777,0,0.0,0,51.05168561042777,0.05,0.05,127.62921402606942,7.124576051465468,43.9271095589623,653.8565223838062,43.92710955896234
105391,33,M,College,Single,$100k to $120k,112500.0,2018-10-31,16,13700,0.18360971872808163,751.0,0,0,0,0,0.0,8065.90468851015,0.03476606560985555,50.30906293149437,0,0.0,0,50.30906293149437,0.05,0.05,125.77265732873592,-1.8565566973335024,52.16561962882787,706.022142012634,52.16561962882781
105391,33,M,College,Single,$100k to $120k,112500.0,2018-11-30,17,13700,0.18117009251615165,751.0,0,0,0,0,0.0,7739.972823417754,0.03476606560985555,49.64060534942555,0,0.0,0,49.64060534942555,0.05,0.05,124.10151337356389,-1.6711439551720275,51.311749304597576,757.3338913172316,51.31174930459758
105391,33,M,College,Single,$100k to $120k,112500.0,2018-12-31,18,13700,0.16655939034059794,752.0,0,0,0,0,0.0,7414.040958325358,0.03476606560985555,45.63727295332384,0,0.0,0,45.63727295332384,0.05,0.05,114.0931823833096,-10.008330990254294,55.64560394357813,812.9794952608098,55.64560394357818
105391,34,M,College,Single,$100k to $120k,112500.0,2019-01-31,19,13700,0.13006981939946627,753.0,0,0,0,0,0.0,7088.109093232963,0.03476606560985555,35.63913051545376,0,0.0,0,35.63913051545376,0.05,0.05,89.0978262886344,-24.995356094675202,60.63448661012896,873.6139818709388,60.63448661012899
105391,34,M,College,Single,$100k to $120k,112500.0,2019-02-28,20,13700,0.19665236470673264,751.0,0,0,0,0,0.0,6762.1772281405665,0.03476606560985555,53.88274792964475,0,0.0,0,53.88274792964475,0.05,0.05,134.70686982411186,45.60904353547747,8.273704394167282,881.8876862651061,8.27370439416734
105391,34,M,College,Single,$100k to $120k,112500.0,2019-03-31,21,13700,0.13161941043953393,753.0,0,0,0,0,0.0,6436.2453630481705,0.03476606560985555,36.0637184604323,0,0.0,0,36.0637184604323,0.05,0.05,90.15929615108074,-44.547573673031124,80.61129213346342,962.4989783985695,80.6112921334634
105391,34,M,College,Single,$100k to $120k,112500.0,2019-04-30,22,13700,0.1328431315544733,753.0,0,0,0,0,0.0,6110.313497955775,0.03476606560985555,36.399018045925686,0,0.0,0,36.399018045925686,0.05,0.05,90.99754511481422,0.8382489637334771,35.56076908219221,998.0597474807618,35.56076908219222
105391,34,M,College,Single,$100k to $120k,112500.0,2019-05-31,23,13700,0.17008571020442909,752.0,0,0,0,0,0.0,5784.381632863379,0.03476606560985555,46.603484596013566,0,0.0,0,46.603484596013566,0.05,0.05,116.50871149003392,25.5111663752197,21.092318220793864,1019.1520657015557,21.092318220793913
105391,34,M,College,Single,$100k to $120k,112500.0,2019-06-30,24,13700,0.16897125201185512,752.0,0,0,0,0,0.0,5458.449767770983,0.03476606560985555,46.298123051248304,0,0.0,100,146.2981230512483,0.05,0.05,115.74530762812076,-0.7634038619131616,147.06152691316146,1166.213592614717,147.0615269131614
105391,34,M,College,Single,$100k to $120k,112500.0,2019-07-31,25,13700,0.1600337657847937,752.0,0,0,0,0,0.0,5132.517902678588,0.03476606560985555,43.84925182503347,0,0.0,0,43.84925182503347,0.05,0.05,109.62312956258369,-6.122178065537071,49.97142989057054,1216.1850225052876,49.97142989057056
105391,34,M,College,Single,$100k to $120k,112500.0,2019-08-31,26,13700,0.17566217272515536,751.0,0,0,0,0,0.0,4806.586037586192,0.03476606560985555,48.131435326692575,0,0.0,0,48.131435326692575,0.05,0.05,120.32858831673143,10.705458754147742,37.42597657254483,1253.6109990778325,37.42597657254487
105391,34,M,College,Single,$100k to $120k,112500.0,2019-09-30,27,13700,0.1414850121721094,753.0,0,0,0,0,0.0,4480.654172493796,0.03476606560985555,38.766893335157974,0,0.0,0,38.766893335157974,0.05,0.05,96.91723333789494,-23.411354978836485,62.17824831399446,1315.7892473918268,62.178248313994345
105391,34,M,College,Single,$100k to $120k,112500.0,2019-10-31,28,13700,0.17318868223506986,752.0,0,0,0,0,0.0,4154.7223074014,0.03476606560985555,47.45369893240915,0,0.0,0,47.45369893240915,0.05,0.05,118.63424733102286,21.71701399312792,25.736684939281226,1341.5259323311082,25.736684939281304
105391,34,M,College,Single,$100k to $120k,112500.0,2019-11-30,29,13700,0.15655571858307377,750.0,0,0,3,0,0.0,335735.6277305736,0.2561760515783119,42.89626689176222,0,0.0,0,42.89626689176222,0.05,0.05,107.24066722940553,-11.393580101617331,54.28984699337955,1395.8157793244877,54.28984699337957
105391,34,M,College,Single,$100k to $120k,112500.0,2019-12-31,30,13700,0.1305831997886515,750.0,0,0,3,0,0.0,333659.9091121193,0.2561760515783119,35.77979674209051,0,0.0,0,35.77979674209051,0.05,0.05,89.44949185522627,-17.79117537417926,53.57097211626977,1449.3867514407575,53.570972116269786
105391,35,M,College,Single,$100k to $120k,112500.0,2020-01-31,31,13700,0.16117296283162016,750.0,0,0,3,0,0.0,331584.19049366505,0.2561760515783119,44.16139181586393,0,0.0,0,44.16139181586393,0.05,0.05,110.40347953965981,20.953987684433542,23.207404131430387,1472.594155572188,23.207404131430394
105391,35,M,College,Single,$100k to $120k,112500.0,2020-02-29,32,13700,0.17365791782292864,750.0,0,0,3,0,0.0,329508.47187521076,0.2561760515783119,47.58226948348245,0,0.0,0,47.58226948348245,0.05,0.05,118.95567370870612,8.552194169046302,39.03007531443615,1511.624230886624,39.03007531443609
105391,35,M,College,Single,$100k to $120k,112500.0,2020-03-31,33,13700,0.29552748284533337,750.0,1,0,3,0,3441.417537733907,332861.9591810851,0.3295929590499686,80.97453029962135,0,70.57773800302621,0,151.55226830264758,0.05,0.2,809.7453029962135,690.7896292875073,-539.2373609848597,972.3868699017643,-539.2373609848597
105391,35,M,College,Single,$100k to $120k,112500.0,2020-04-30,34,13700,0.31219996732784117,745.0,1,0,3,0,3635.5686195327103,329578.9863098097,0.33373484879500975,85.54279104782849,0,74.55945310558333,0,160.10224415341182,0.05,0.2,855.4279104782848,45.682607482071376,114.41963667134044,1086.8065065731048,114.41963667134053
105391,35,M,College,Single,$100k to $120k,112500.0,2020-05-31,35,13700,0.3395929322515241,745.0,1,0,3,0,3954.559696068998,329759.70954422205,0.3405399917611172,93.04846343691761,0,81.10142843354836,0,174.14989187046598,0.05,0.2,930.484634369176,75.05672389089113,99.09316797957484,1185.8996745526797,99.0931679795749
105391,35,M,College,Single,$100k to $120k,112500.0,2020-06-30,36,13700,0.35140718801294984,745.0,1,0,3,0,4092.136704410801,329456.3985172351,0.3434749679390757,96.28556951554825,0,83.92290357962484,100,280.2084730951731,0.05,0.2,962.8556951554825,32.37106078630654,247.83741230886653,1433.7370868615462,247.83741230886653
105391,35,M,College,Single,$100k to $120k,112500.0,2020-07-31,37,13700,0.3701225241610374,745.0,1,0,3,0,4310.076793855281,329680.06220996357,0.34812435651389123,101.41357162012426,0,88.39249158064872,0,189.806063200773,0.05,0.2,1014.1357162012425,51.28002104576001,138.526042155013,1572.263129016559,138.52604215501287
105391,35,M,College,Single,$100k to $120k,112500.0,2020-08-31,38,13700,0.39400194668684757,745.0,1,0,3,0,4588.15266916834,329761.6556022786,0.35405664185390323,107.95653339219623,0,94.09536432352738,0,202.0518977157236,0.05,0.2,1079.5653339219623,65.42961772071976,136.62227999500385,1708.8854090115628,136.62227999500374
105391,35,M,College,Single,$100k to $120k,112500.0,2020-09-30,39,13700,0.4170594953915744,740.0,1,0,3,0,4856.657823834884,329611.9537934769,0.3597847518201228,114.2743017372914,0,99.60195753714707,0,213.87625927443847,0.05,0.2,1142.7430173729138,63.17768345095146,150.698575823487,1859.58398483505,150.6985758234871
105391,35,M,College,Single,$100k to $120k,112500.0,2020-10-31,40,13700,0.4384531365202879,740.0,1,0,3,0,5105.786774778752,329630.33685154474,0.365099502773592,120.13615940655889,0,104.71117710608758,0,224.84733651264645,0.05,0.2,1201.3615940655889,58.618576692675106,166.22875981997134,2025.8127446550213,166.2287598199714
105391,35,M,College,Single,$100k to $120k,112500.0,2020-11-30,41,13700,0.4245194531261761,740.0,2,1,4,0,4943.5290316543205,329215.0935756682,0.3616380042536041,116.31833015657224,0,101.38354122417735,0,217.7018713807496,0.05,0.35,2035.5707777400144,834.2091836744255,-616.5073122936759,1409.3054323613455,-616.5073122936758
105391,35,M,College,Single,$100k to $120k,112500.0,2020-12-31,42,13700,0.4783843549827297,740.0,2,1,4,0,5570.785813773888,329978.85846831073,0.3750194822721549,131.07731326526795,0,114.24753239747947,0,245.3248456627474,0.05,0.35,2293.852982142189,258.28220440217456,-12.95735873942715,1396.3480736219185,-12.957358739427036
105391,36,M,College,Single,$100k to $120k,112500.0,2021-01-31,43,13700,0.5250988060930681,735.0,2,1,4,0,6114.775596953778,329913.9543234939,0.38662459764665924,143.87707286950067,0,125.4038562008604,0,269.2809290703611,0.05,0.35,2517.848775216262,223.99579307407294,45.28513599628815,1441.6332096182066,45.28513599628809
105391,36,M,College,Single,$100k to $120k,112500.0,2021-02-28,44,13700,0.6384077104427338,730.0,3,2,4,0,7434.257788105635,330709.0383897589,0.4940723007976923,174.92371266130908,0,152.46423680439972,0,327.3879494657088,0.05,0.49999999999999994,4373.092816532726,1855.244041316464,-1527.8560918507553,-86.22288223254873,-1527.8560918507553
105391,36,M,College,Single,$100k to $120k,112500.0,2021-03-31,45,13700,0.705141250054525,725.0,3,2,4,0,8211.369856884943,330125.08395397203,0.5189398869986301,193.20870251493983,0,168.40151014828203,0,361.6102126632219,0.05,0.49999999999999994,4830.217562873496,457.1247463407699,-95.514533677548,-181.73741591009673,-95.514533677548
105391,36,M,College,Single,$100k to $120k,112500.0,2021-04-30,46,13700,0.7708373430902031,725.0,3,2,4,0,8976.400860285416,330248.0407736772,0.5434208791074453,211.20943200671564,0,184.0910209763534,0,395.300452983069,0.05,0.49999999999999994,5280.23580016789,450.01823729439457,-54.717784311325545,-236.45520022142227,-54.717784311325545
105391,36,M,College,Single,$100k to $120k,112500.0,2021-05-31,47,13700,0.8459763356576759,720.0,3,2,4,0,9851.394428733636,330328.4198019155,0.5714206732977883,231.79751597020322,0,202.03568074261233,0,433.83319671281555,0.05,0.49999999999999994,5794.937899255079,514.7020990871888,-80.86890237437325,-317.3241025957955,-80.86890237437325
105391,36,M,College,Single,$100k to $120k,112500.0,2021-06-30,48,13700,0.9187293986290698,695.0,3,2,4,1,10698.603847035518,330162.957647909,0.5985313746834484,251.7318552243651,30,0.0,100,381.73185522436506,0.15,0.6,7551.955656730954,1757.0177574758745,-1375.2859022515095,-1692.610004847305,-1375.2859022515095
105391,36,M,College,Single,$100k to $120k,112500.0,2021-07-31,49,13700,0.9650115413280816,675.0,4,4,4,2,13220.658116194718,331847.07004221634,0.8202574645359533,48.839469267620544,30,0.0,0,78.83946926762054,0.4,0.9,11898.592304575246,4346.636647844292,-4267.797178576672,-5960.407183423977,-4267.797178576671
105391,36,M,College,Single,$100k to $120k,112500.0,2021-08-31,50,13700,0.9741025284046649,655.0,4,4,4,3,13345.204639143909,329551.4863362264,0.8255714495151187,1.8529299538470088,30,0.0,0,31.85292995384701,0.65,0.9,12010.684175229519,112.0918706542725,-80.23894070042549,-6040.646124124402,-80.2389407004257
105391,36,M,College,Single,$100k to $120k,112500.0,2021-09-30,51,13700,0.9797319005034928,635.0,4,4,4,4,13345.204639143909,329488.73945741786,0.8255714495151187,0.0,0,0.0,0,0.0,0.72,0.9,12080.094333208066,69.41015797854743,-69.41015797854743,-6110.05628210295,-69.41015797854743
105391,36,M,College,Single,$100k to $120k,112500.0,2021-10-31,52,13700,0.99,615.0,4,4,4,5,13345.204639143909,329447.25464151206,0.8255714495151187,0.0,0,0.0,0,0.0,0.8,0.9,12206.7,126.60566679193471,-126.60566679193471,-6236.6619488948845,-126.60566679193471
105391,36,M,College,Single,$100k to $120k,112500.0,2021-11-30,53,13700,0.99,595.0,4,4,4,6,13345.204639143909,329406.60138672066,0.8255714495151187,0.0,0,0.0,0,0.0,0.84,0.9,12206.7,0.0,0.0,-6236.6619488948845,0.0
105391,36,M,College,Single,$100k to $120k,112500.0,2021-12-31,54,13700,0.99,575.0,4,4,4,7,13345.204639143909,329477.7509170621,0.8255714495151187,0.0,0,0.0,0,0.0,0.86,0.9,12206.7,0.0,0.0,-6236.6619488948845,0.0
105392,32,M,College,Single,$100k to $120k,112500.0,2017-07-31,1,13800,0.1543448155431436,752.0,0,0,0,0,0.0,12772.328149853274,0.037076922112062614,42.59916908990764,0,0.0,0,42.59916908990764,0.05,0.05,106.4979227247691,106.4979227247691,-63.89875363486146,-63.89875363486146,-63.89875363486146
105392,32,M,College,Single,$100k to $120k,112500.0,2017-08-31,2,13800,0.17223162025989958,752.0,0,0,0,0,0.0,12424.732005052687,0.037076922112062614,47.535927191732284,0,0.0,0,47.535927191732284,0.05,0.05,118.8398179793307,12.341895254561607,35.19403193717068,-28.70472169769078,35.19403193717068
105392,32,M,College,Single,$100k to $120k,112500.0,2017-09-30,3,13800,0.15617098017094685,752.0,0,0,0,0,0.0,12077.1358602521,0.037076922112062614,43.10319052718133,0,0.0,0,43.10319052718133,0.05,0.05,107.75797631795334,-11.081841661377368,54.1850321885587,25.48031049086792,54.1850321885587
105392,32,M,College,Single,$100k to $120k,112500.0,2017-10-31,4,13800,0.1663217209275259,752.0,0,0,0,0,0.0,11729.539715451512,0.037076922112062614,45.90479497599715,0,0.0,0,45.90479497599715,0.05,0.05,114.76198743999286,7.004011122039529,38.90078385395762,64.38109434482554,38.90078385395762
105392,32,M,College,Single,$100k to $120k,112500.0,2017-11-30,5,13800,0.18228378849881915,751.0,0,0,0,0,0.0,11381.943570650927,0.037076922112062614,50.31032562567409,0,0.0,0,50.31032562567409,0.05,0.05,125.77581406418521,11.013826624192347,39.29649900148174,103.67759334630728,39.296499001481735
105392,32,M,College,Single,$100k to $120k,112500.0,2017-12-31,6,13800,0.15840945678922985,752.0,0,0,0,0,0.0,11034.34742585034,0.037076922112062614,43.721010073827436,0,0.0,0,43.721010073827436,0.05,0.05,109.3025251845686,-16.473288879616618,60.194298953444054,163.87189229975132,60.19429895344405
105392,33,M,College,Single,$100k to $120k,112500.0,2018-01-31,7,13800,0.13434001855534397,753.0,0,0,0,0,0.0,10686.751281049752,0.037076922112062614,37.07784512127494,0,0.0,0,37.07784512127494,0.05,0.05,92.69461280318734,-16.607912381381254,53.685757502656195,217.55764980240752,53.6857575026562
105392,33,M,College,Single,$100k to $120k,112500.0,2018-02-28,8,13800,0.18762027010163507,751.0,0,0,0,0,0.0,10339.155136249165,0.037076922112062614,51.78319454805128,0,0.0,0,51.78319454805128,0.05,0.05,129.4579863701282,36.76337356694086,15.01982098111042,232.57747078351795,15.019820981110428
105392,33,M,College,Single,$100k to $120k,112500.0,2018-03-31,9,13800,0.15630033453867231,752.0,0,0,0,0,0.0,9991.558991448579,0.037076922112062614,43.13889233267356,0,0.0,0,43.13889233267356,0.05,0.05,107.8472308316839,-21.610755538444295,64.74964787111784,297.3271186546358,64.74964787111784
105392,33,M,College,Single,$100k to $120k,112500.0,2018-04-30,10,13800,0.13390614883524424,753.0,0,0,0,0,0.0,9643.962846647992,0.037076922112062614,36.95809707852741,0,0.0,0,36.95809707852741,0.05,0.05,92.39524269631852,-15.451988135365383,52.41008521389279,349.7372038685286,52.410085213892785
105392,33,M,College,Single,$100k to $120k,112500.0,2018-05-31,11,13800,0.1443988714305237,753.0,0,0,0,0,0.0,9296.366701847404,0.037076922112062614,39.85408851482455,0,0.0,0,39.85408851482455,0.05,0.05,99.63522128706136,7.239978590742837,32.61410992408171,382.3513137926103,32.61410992408173
105392,33,M,College,Single,$100k to $120k,112500.0,2018-06-30,12,13800,0.1493032282663511,753.0,0,0,0,0,0.0,8948.770557046817,0.037076922112062614,41.207691001512906,0,0.0,100,141.2076910015129,0.05,0.05,103.01922750378225,3.3840062167208913,137.82368478479202,520.1749985774023,137.82368478479202
105392,33,M,College,Single,$100k to $120k,112500.0,2018-07-31,13,13800,0.19418538027668708,751.0,0,0,0,0,0.0,8601.17441224623,0.037076922112062614,53.595164956365636,0,0.0,0,53.595164956365636,0.05,0.05,133.9879123909141,30.968684887131843,22.626480069233793,542.8014786466362,22.62648006923382
105392,33,M,College,Single,$100k to $120k,112500.0,2018-08-31,14,13800,0.19493996176578676,751.0,0,0,0,0,0.0,8253.578267445642,0.037076922112062614,53.803429447357146,0,0.0,0,53.803429447357146,0.05,0.05,134.50857361839286,0.5206612274787688,53.28276821987838,596.0842468665145,53.282768219878335
105392,33,M,College,Single,$100k to $120k,112500.0,2018-09-30,15,13800,0.17173073365557423,752.0,0,0,0,0,0.0,7905.982122645056,0.037076922112062614,47.39768248893849,0,0.0,0,47.39768248893849,0.05,0.05,118.49420622234622,-16.014367396046637,63.41204988498513,659.4962967514996,63.412049884985095
105392,33,M,College,Single,$100k to $120k,112500.0,2018-10-31,16,13800,0.19346272455043362,751.0,0,0,0,0,0.0,7558.385977844469,0.037076922112062614,53.395711975919674,0,0.0,0,53.395711975919674,0.05,0.05,133.4892799397992,14.995073717452968,38.40063825846671,697.8969350099663,38.400638258466756
105392,33,M,College,Single,$100k to $120k,112500.0,2018-11-30,17,13800,0.18198269775648046,751.0,0,0,0,0,0.0,7210.789833043882,0.037076922112062614,50.22722458078861,0,0.0,0,50.22722458078861,0.05,0.05,125.56806145197152,-7.921218487827673,58.14844306861628,756.0453780785826,58.1484430686163
105392,33,M,College,Single,$100k to $120k,112500.0,2018-12-31,18,13800,0.15487754274410978,752.0,0,0,0,0,0.0,6863.193688243295,0.037076922112062614,42.7462017973743,0,0.0,0,42.7462017973743,0.05,0.05,106.86550449343575,-18.702556958535766,61.44875875591006,817.4941368344927,61.448758755910035
105392,34,M,College,Single,$100k to $120k,112500.0,2019-01-31,19,13800,0.14801860671614825,753.0,0,0,0,0,0.0,6515.597543442708,0.037076922112062614,40.85313545365692,0,0.0,0,40.85313545365692,0.05,0.05,102.13283863414229,-4.732665859293462,45.58580131295038,863.079938147443,45.585801312950366
105392,34,M,College,Single,$100k to $120k,112500.0,2019-02-28,20,13800,0.13525259223472072,753.0,0,0,0,0,0.0,6168.001398642121,0.037076922112062614,37.32971545678292,0,0.0,0,37.32971545678292,0.05,0.05,93.3242886419573,-8.808549992184993,46.138265448967914,909.218203596411,46.1382654489679
105392,34,M,College,Single,$100k to $120k,112500.0,2019-03-31,21,13800,0.1782827235594221,751.0,0,0,0,0,0.0,5820.405253841534,0.037076922112062614,49.206031702400495,0,0.0,0,49.206031702400495,0.05,0.05,123.01507925600124,29.690790614043948,19.515241088356547,928.7334446847675,19.51524108835656
105392,34,M,College,Single,$100k to $120k,112500.0,2019-04-30,22,13800,0.1345562551581062,753.0,0,0,0,0,0.0,5472.809109040947,0.037076922112062614,37.13752642363732,0,0.0,0,37.13752642363732,0.05,0.05,92.84381605909329,-30.171263196907958,67.30878962054527,996.0422343053128,67.30878962054533
105392,34,M,College,Single,$100k to $120k,112500.0,2019-05-31,23,13800,0.14219755261244615,753.0,0,0,0,0,0.0,5125.21296424036,0.037076922112062614,39.24652452103514,0,0.0,0,39.24652452103514,0.05,0.05,98.11631130258785,5.272495243494561,33.97402927754058,1030.0162635828533,33.97402927754047
105392,34,M,College,Single,$100k to $120k,112500.0,2019-06-30,24,13800,0.17128945208790775,752.0,0,0,0,0,0.0,4777.616819439773,0.037076922112062614,47.27588877626254,0,0.0,100,147.27588877626255,0.05,0.05,118.18972194065634,20.073410638068495,127.20247813819405,1157.2187417210473,127.20247813819401
105392,34,M,College,Single,$100k to $120k,112500.0,2019-07-31,25,13800,0.1354791603631554,753.0,0,0,0,0,0.0,4430.020674639185,0.037076922112062614,37.39224826023089,0,0.0,0,37.39224826023089,0.05,0.05,93.48062065057724,-24.709101290079104,62.10134955031,1219.3200912713573,62.10134955031003
105392,34,M,College,Single,$100k to $120k,112500.0,2019-08-31,26,13800,0.1840195116046429,751.0,0,0,0,0,0.0,4082.4245298385995,0.037076922112062614,50.78938520288144,0,0.0,0,50.78938520288144,0.05,0.05,126.97346300720359,33.492842356626355,17.296542846255086,1236.6166341176124,17.29654284625508
105392,34,M,College,Single,$100k to $120k,112500.0,2019-09-30,27,13800,0.1673903176133103,752.0,0,0,0,0,0.0,3734.828385038012,0.037076922112062614,46.19972766127365,0,0.0,0,46.19972766127365,0.05,0.05,115.4993191531841,-11.474143854019488,57.673871515293136,1294.2905056329055,57.67387151529306
105392,34,M,College,Single,$100k to $120k,112500.0,2019-10-31,28,13800,0.154308447898144,752.0,0,0,0,0,0.0,3387.232240237425,0.037076922112062614,42.58913161988774,0,0.0,0,42.58913161988774,0.05,0.05,106.47282904971935,-9.026490103464752,51.61562172335249,1345.906127356258,51.61562172335243
105392,34,M,College,Single,$100k to $120k,112500.0,2019-11-30,29,13800,0.1887748137526709,750.0,0,0,3,0,0.0,343290.6971710529,0.27473946161408175,52.101848595737174,0,0.0,0,52.101848595737174,0.05,0.05,130.25462148934292,23.781792439623572,28.3200561561136,1374.2261835123716,28.32005615611365
105392,34,M,College,Single,$100k to $120k,112500.0,2019-12-31,30,13800,0.16488120678459195,750.0,0,0,3,0,0.0,341062.61086322146,0.27473946161408175,45.50721307254737,0,0.0,0,45.50721307254737,0.05,0.05,113.76803268136844,-16.486588807974485,61.99380188052186,1436.2199853928935,61.993801880521914
105392,35,M,College,Single,$100k to $120k,112500.0,2020-01-31,31,13800,0.18284280513032194,750.0,0,0,3,0,0.0,338834.52455539006,0.27473946161408175,50.46461421596886,0,0.0,0,50.46461421596886,0.05,0.05,126.16153553992214,12.393502858553703,38.071111357415155,1474.2910967503087,38.07111135741525
105392,35,M,College,Single,$100k to $120k,112500.0,2020-02-29,32,13800,0.15268317769177014,750.0,0,0,3,0,0.0,336606.4382475586,0.27473946161408175,42.140557042928556,0,0.0,0,42.140557042928556,0.05,0.05,105.3513926073214,-20.81014293260074,62.9506999755293,1537.241796725838,62.95069997552923
105392,35,M,College,Single,$100k to $120k,112500.0,2020-03-31,33,13800,0.295974651946575,750.0,1,0,3,0,3471.7826673333248,339947.2256637517,0.3488041585171927,81.6890039372547,0,71.20047620256094,0,152.88948013981565,0.05,0.2,816.890039372547,711.5386467652256,-558.64916662541,978.592630100428,-558.64916662541
105392,35,M,College,Single,$100k to $120k,112500.0,2020-04-30,34,13800,0.31655294596968975,745.0,1,0,3,0,3713.1660562244606,336835.66734542215,0.35395367081353696,87.36861308763437,0,76.15084720306997,0,163.51946029070433,0.05,0.2,873.6861308763437,56.796091503796674,106.72336878690766,1085.3159988873356,106.7233687869076
105392,35,M,College,Single,$100k to $120k,112500.0,2020-05-31,35,13800,0.3385311202470227,745.0,1,0,3,0,3970.970040497576,336706.5360308197,0.3594534891446967,93.43458918817826,0,81.43797724720446,0,174.87256643538274,0.05,0.2,934.3458918817827,60.65976100543901,114.21280542994373,1199.5288043172793,114.21280542994373
105392,35,M,College,Single,$100k to $120k,112500.0,2020-06-30,36,13800,0.3533395030926991,745.0,1,0,3,0,4144.672371277361,336676.527675412,0.3631591388679988,97.52170285358496,0,85.00032254761321,100,282.52202540119816,0.05,0.2,975.2170285358496,40.87113665406696,241.6508887471312,1441.1796930644105,241.65088874713115
105392,35,M,College,Single,$100k to $120k,112500.0,2020-07-31,37,13800,0.37661628765967464,745.0,1,0,3,0,4417.709054247984,336794.38753605733,0.36898392143803876,103.9460953940702,0,90.5998498542024,0,194.5459452482726,0.05,0.2,1039.460953940702,64.24392540485235,130.30201984342025,1571.4817129078308,130.30201984342034
105392,35,M,College,Single,$100k to $120k,112500.0,2020-08-31,38,13800,0.3988886631176723,745.0,1,0,3,0,4678.964018370296,336739.5694140869,0.37455736067264805,110.09327102047756,0,95.95775374341082,0,206.0510247638884,0.05,0.2,1100.9327102047755,61.47175626407352,144.57926849981487,1716.0609814076456,144.57926849981482
105392,35,M,College,Single,$100k to $120k,112500.0,2020-09-30,39,13800,0.4111661522090974,740.0,1,0,3,0,4822.978965412713,336665.6729021752,0.3776296795428863,113.48185800971089,0,98.91126028233904,0,212.39311829204993,0.05,0.2,1134.818580097109,33.8858698923334,178.50724839971653,1894.568229807362,178.50724839971645
105392,35,M,College,Single,$100k to $120k,112500.0,2020-10-31,40,13800,0.4382231255599372,740.0,1,0,3,0,5140.357262818064,336858.7603733525,0.38440041655420043,120.94958265454267,0,105.42016019829379,0,226.36974285283645,0.05,0.2,1209.4958265454268,74.67724644831787,151.69249640451858,2046.2607262118806,151.69249640451858
105392,35,M,College,Single,$100k to $120k,112500.0,2020-11-30,41,13800,0.4261829341506135,740.0,2,1,4,0,4999.125817586696,336367.621711303,0.3813874790559313,117.62648982556932,0,102.52373864234049,0,220.1502284679098,0.05,0.35,2058.463571947463,848.9677454020364,-628.8175169341266,1417.443209277754,-628.8175169341266
105392,35,M,College,Single,$100k to $120k,112500.0,2020-12-31,42,13800,0.4714869575729941,740.0,2,1,4,0,5530.542012331221,337084.0301664906,0.3927243578771478,130.13040029014638,0,113.42219910289278,0,243.55259939303915,0.05,0.35,2277.2820050775613,218.81843313009813,24.734166262941017,1442.177375540695,24.734166262941017
105392,36,M,College,Single,$100k to $120k,112500.0,2021-01-31,43,13800,0.5285842537437143,735.0,2,1,4,0,6200.293296413769,337196.1841150393,0.4070123852709088,145.88925403326516,0,127.15768168728572,0,273.0469357205509,0.05,0.35,2553.06194558214,275.7799405045789,-2.733004784028026,1439.444370756667,-2.733004784028026
105392,36,M,College,Single,$100k to $120k,112500.0,2021-02-28,44,13800,0.6312806712697374,730.0,3,2,4,0,7404.92227399402,337679.66033645446,0.5116969743818904,174.23346527044754,0,151.86261430249402,0,326.09607957294156,0.05,0.49999999999999994,4355.836631761187,1802.774686179047,-1476.6786066061054,-37.23423584943839,-1476.6786066061054
105392,36,M,College,Single,$100k to $120k,112500.0,2021-03-31,45,13800,0.7058974944537134,725.0,3,2,4,0,8280.177609942059,337423.63105797325,0.5397051451322277,194.8277084692249,0,169.81264248389505,0,364.64035095311993,0.05,0.49999999999999994,4870.692711730622,514.8560799694351,-150.21572901631515,-187.44996486575354,-150.21572901631515
105392,36,M,College,Single,$100k to $120k,112500.0,2021-04-30,46,13800,0.7773892759821543,725.0,3,2,4,0,9118.77620727067,337315.75888745853,0.5665403002467432,214.5594401710746,0,187.010902050776,0,401.57034222185064,0.05,0.49999999999999994,5363.986004276864,493.2932925462419,-91.72295032439126,-279.1729151901448,-91.72295032439126
105392,36,M,College,Single,$100k to $120k,112500.0,2021-05-31,47,13800,0.8407270722295901,720.0,3,2,4,0,9861.728557253091,337342.9260048191,0.5903147754461807,232.04067193536687,0,202.2476164949988,0,434.2882884303657,0.05,0.49999999999999994,5801.016798384171,437.030794107307,-2.7425056769412777,-281.9154208670861,-2.7425056769412777
105392,36,M,College,Single,$100k to $120k,112500.0,2021-06-30,48,13800,0.9182374479570967,695.0,3,2,4,1,10770.925264536745,337422.7049400461,0.6194090700792576,253.43353563615872,30,0.0,100,383.4335356361587,0.15,0.6,7603.00606908476,1801.9892707005893,-1418.5557350644306,-1700.4711559315167,-1418.5557350644306
105392,36,M,College,Single,$100k to $120k,112500.0,2021-07-31,49,13800,0.9652430070966636,675.0,4,4,4,2,13320.353497933957,339126.4838077394,0.8430745441925972,49.37594630252332,30,0.0,0,79.37594630252332,0.4,0.9,11988.31814814056,4385.3120790558005,-4305.936132753277,-6006.4072886847935,-4305.936132753277
105392,36,M,College,Single,$100k to $120k,112500.0,2021-08-31,50,13800,0.9738771969835234,655.0,4,4,4,3,13439.505318372623,336655.7398470383,0.8481583551979804,1.7472041633891595,30,0.0,0,31.74720416338916,0.65,0.9,12095.55478653536,107.23663839479923,-75.48943423141007,-6081.8967229162035,-75.48943423141009
105392,36,M,College,Single,$100k to $120k,112500.0,2021-09-30,51,13800,0.9798747446101609,635.0,4,4,4,4,13439.505318372623,336582.09435668,0.8481583551979804,0.0,0,0.0,0,0.0,0.72,0.9,12170.044328058199,74.48954152283841,-74.48954152283841,-6156.386264439042,-74.48954152283841
105392,36,M,College,Single,$100k to $120k,112500.0,2021-10-31,52,13800,0.9899318554937143,615.0,4,4,4,5,13439.505318372623,336562.0131054097,0.8481583551979804,0.0,0,0.0,0,0.0,0.8,0.9,12294.953645231932,124.90931717373314,-124.90931717373314,-6281.295581612775,-124.90931717373314
105392,36,M,College,Single,$100k to $120k,112500.0,2021-11-30,53,13800,0.99,595.0,4,4,4,6,13439.505318372623,336525.91052894434,0.8481583551979804,0.0,0,0.0,0,0.0,0.84,0.9,12295.8,0.8463547680676129,-0.8463547680676129,-6282.141936380843,-0.8463547680676129
105392,36,M,College,Single,$100k to $120k,112500.0,2021-12-31,54,13800,0.99,575.0,4,4,4,7,13439.505318372623,336545.64867012546,0.8481583551979804,0.0,0,0.0,0,0.0,0.86,0.9,12295.8,0.0,0.0,-6282.141936380843,0.0
105393,32,M,College,Single,$100k to $120k,112500.0,2017-07-31,1,13900,0.14697432027687346,753.0,0,0,0,0,0.0,12780.519644492413,0.03429633826100431,40.85886103697082,0,0.0,0,40.85886103697082,0.05,0.05,102.14715259242705,102.14715259242705,-61.288291555456226,-61.288291555456226,-61.288291555456226
105393,32,M,College,Single,$100k to $120k,112500.0,2017-08-31,2,13900,0.13393626142587678,753.0,0,0,0,0,0.0,12458.991473295499,0.03429633826100431,37.234280676393745,0,0.0,0,37.234280676393745,0.05,0.05,93.08570169098437,-9.061450901442683,46.29573157783643,-14.992559977619798,46.29573157783643
105393,32,M,College,Single,$100k to $120k,112500.0,2017-09-30,3,13900,0.15028821452553437,752.0,0,0,0,0,0.0,12137.463302098582,0.03429633826100431,41.78012363809856,0,0.0,0,41.78012363809856,0.05,0.05,104.45030909524638,11.364607404262017,30.41551623383654,15.422956256216743,30.41551623383654
105393,32,M,College,Single,$100k to $120k,112500.0,2017-10-31,4,13900,0.15016427401037932,752.0,0,0,0,0,0.0,11815.935130901667,0.03429633826100431,41.74566817488545,0,0.0,0,41.74566817488545,0.05,0.05,104.36417043721363,-0.08613865803275189,41.831806832918204,57.25476308913495,41.831806832918204
105393,32,M,College,Single,$100k to $120k,112500.0,2017-11-30,5,13900,0.18360448135780288,751.0,0,0,0,0,0.0,11494.406959704751,0.03429633826100431,51.0420458174692,0,0.0,0,51.0420458174692,0.05,0.05,127.60511454367301,23.24094410645938,27.80110171100982,85.05586480014478,27.801101711009828
105393,32,M,College,Single,$100k to $120k,112500.0,2017-12-31,6,13900,0.14470461816610825,753.0,0,0,0,0,0.0,11172.878788507836,0.03429633826100431,40.227883850178095,0,0.0,0,40.227883850178095,0.05,0.05,100.56970962544523,-27.035404918227783,67.26328876840589,152.31915356855066,67.26328876840589
105393,33,M,College,Single,$100k to $120k,112500.0,2018-01-31,7,13900,0.15320181445872216,752.0,0,0,0,0,0.0,10851.35061731092,0.03429633826100431,42.590104419524764,0,0.0,0,42.590104419524764,0.05,0.05,106.4752610488119,5.905551423366674,36.68455299615809,189.00370656470875,36.68455299615809
105393,33,M,College,Single,$100k to $120k,112500.0,2018-02-28,8,13900,0.17019283925457895,752.0,0,0,0,0,0.0,10529.822446114005,0.03429633826100431,47.313609312772954,0,0.0,0,47.313609312772954,0.05,0.05,118.28402328193238,11.808762233120476,35.50484707965248,224.50855364436123,35.50484707965248
105393,33,M,College,Single,$100k to $120k,112500.0,2018-03-31,9,13900,0.1409478920413744,753.0,0,0,0,0,0.0,10208.29427491709,0.03429633826100431,39.18351398750208,0,0.0,0,39.18351398750208,0.05,0.05,97.95878496875521,-20.325238313177167,59.50875230067925,284.01730594504045,59.50875230067922
105393,33,M,College,Single,$100k to $120k,112500.0,2018-04-30,10,13900,0.18754165772197928,751.0,0,0,0,0,0.0,9886.766103720174,0.03429633826100431,52.13658084671024,0,0.0,0,52.13658084671024,0.05,0.05,130.3414521167756,32.38266714802039,19.75391369868985,303.7712196437303,19.75391369868987
105393,33,M,College,Single,$100k to $120k,112500.0,2018-05-31,11,13900,0.16049086093613774,752.0,0,0,0,0,0.0,9565.237932523258,0.03429633826100431,44.616459340246294,0,0.0,0,44.616459340246294,0.05,0.05,111.54114835061573,-18.80030376615987,63.416763106406165,367.1879827501365,63.416763106406165
105393,33,M,College,Single,$100k to $120k,112500.0,2018-06-30,12,13900,0.18837008823415533,751.0,0,0,0,0,0.0,9243.709761326343,0.03429633826100431,52.36688452909518,0,0.0,100,152.3668845290952,0.05,0.05,130.91721132273796,19.376062972122227,132.99082155697295,500.17880430710943,132.99082155697295
105393,33,M,College,Single,$100k to $120k,112500.0,2018-07-31,13,13900,0.15974948597831035,752.0,0,0,0,0,0.0,8922.181590129429,0.03429633826100431,44.41035710197028,0,0.0,0,44.41035710197028,0.05,0.05,111.02589275492569,-19.891318567812263,64.30167566978254,564.480479976892,64.30167566978253
105393,33,M,College,Single,$100k to $120k,112500.0,2018-08-31,14,13900,0.1706424506488147,752.0,0,0,0,0,0.0,8600.653418932514,0.03429633826100431,47.438601280370484,0,0.0,0,47.438601280370484,0.05,0.05,118.59650320092622,7.570610446000529,39.867990834369955,604.3484708112619,39.86799083436995
105393,33,M,College,Single,$100k to $120k,112500.0,2018-09-30,15,13900,0.1520361566184989,752.0,0,0,0,0,0.0,8279.125247735597,0.03429633826100431,42.266051539942694,0,0.0,0,42.266051539942694,0.05,0.05,105.66512884985673,-12.931374351069493,55.19742589101219,659.5458967022741,55.197425891012244
105393,33,M,College,Single,$100k to $120k,112500.0,2018-10-31,16,13900,0.17704550720944365,751.0,0,0,0,0,0.0,7957.597076538682,0.03429633826100431,49.21865100422533,0,0.0,0,49.21865100422533,0.05,0.05,123.04662751056334,17.38149866070661,31.837152343518717,691.3830490457929,31.83715234351871
105393,33,M,College,Single,$100k to $120k,112500.0,2018-11-30,17,13900,0.15350814113121414,752.0,0,0,0,0,0.0,7636.068905341766,0.03429633826100431,42.675263234477534,0,0.0,0,42.675263234477534,0.05,0.05,106.68815808619382,-16.358469424369517,59.03373265884705,750.4167817046399,59.03373265884704
105393,33,M,College,Single,$100k to $120k,112500.0,2018-12-31,18,13900,0.16852267383908662,752.0,0,0,0,0,0.0,7314.540734144851,0.03429633826100431,46.84930332726608,0,0.0,0,46.84930332726608,0.05,0.05,117.1232583181652,10.435100231971376,36.4142030952947,786.8309847999346,36.41420309529474
105393,34,M,College,Single,$100k to $120k,112500.0,2019-01-31,19,13900,0.14093564036859252,753.0,0,0,0,0,0.0,6993.012562947935,0.03429633826100431,39.18010802246872,0,0.0,0,39.18010802246872,0.05,0.05,97.9502700561718,-19.172988261993396,58.35309628446212,845.1840810843968,58.35309628446214
105393,34,M,College,Single,$100k to $120k,112500.0,2019-02-28,20,13900,0.13477597788910864,753.0,0,0,0,0,0.0,6671.48439175102,0.03429633826100431,37.4677218531722,0,0.0,0,37.4677218531722,0.05,0.05,93.6693046329305,-4.280965423241298,41.7486872764135,886.9327683608103,41.748687276413534
105393,34,M,College,Single,$100k to $120k,112500.0,2019-03-31,21,13900,0.15593185414424776,752.0,0,0,0,0,0.0,6349.956220554104,0.03429633826100431,43.34905545210088,0,0.0,0,43.34905545210088,0.05,0.05,108.3726386302522,14.703333997321693,28.645721454779185,915.5784898155895,28.645721454779164
105393,34,M,College,Single,$100k to $120k,112500.0,2019-04-30,22,13900,0.14088756976767236,753.0,0,0,0,0,0.0,6028.42804935719,0.03429633826100431,39.16674439541292,0,0.0,0,39.16674439541292,0.05,0.05,97.91686098853229,-10.455777641719905,49.622522037132825,965.2010118527223,49.62252203713285
105393,34,M,College,Single,$100k to $120k,112500.0,2019-05-31,23,13900,0.15510755625949552,752.0,0,0,0,0,0.0,5706.899878160274,0.03429633826100431,43.11990064013975,0,0.0,0,43.11990064013975,0.05,0.05,107.79975160034938,9.88289061181709,33.23701002832266,998.438021881045,33.23701002832263
105393,34,M,College,Single,$100k to $120k,112500.0,2019-06-30,24,13900,0.19600021534265294,751.0,0,0,0,0,0.0,5385.3717069633585,0.03429633826100431,54.48805986525752,0,0.0,100,154.48805986525753,0.05,0.05,136.2201496631438,28.420398062794405,126.06766180246312,1124.505683683508,126.06766180246314
105393,34,M,College,Single,$100k to $120k,112500.0,2019-07-31,25,13900,0.19270135160867863,751.0,0,0,0,0,0.0,5063.843535766443,0.03429633826100431,53.570975747212664,0,0.0,0,53.570975747212664,0.05,0.05,133.92743936803166,-2.29271029511213,55.863686042324794,1180.369369725833,55.863686042324844
105393,34,M,College,Single,$100k to $120k,112500.0,2019-08-31,26,13900,0.1403874918531896,753.0,0,0,0,0,0.0,4742.315364569527,0.03429633826100431,39.027722735186714,0,0.0,0,39.027722735186714,0.05,0.05,97.56930683796678,-36.35813253006488,75.38585526525159,1255.7552249910846,75.38585526525162
105393,34,M,College,Single,$100k to $120k,112500.0,2019-09-30,27,13900,0.14598225487340855,753.0,0,0,0,0,0.0,4420.787193372613,0.03429633826100431,40.583066854807576,0,0.0,0,40.583066854807576,0.05,0.05,101.45766713701894,3.8883602990521666,36.69470655575541,1292.44993154684,36.694706555755374
105393,34,M,College,Single,$100k to $120k,112500.0,2019-10-31,28,13900,0.1364545409992082,753.0,0,0,0,0,0.0,4099.259022175696,0.03429633826100431,37.93436239777988,0,0.0,0,37.93436239777988,0.05,0.05,94.8359059944497,-6.621761142569241,44.55612354034912,1337.006055087189,44.55612354034906
105393,34,M,College,Single,$100k to $120k,112500.0,2019-11-30,29,13900,0.13992939290361614,750.0,0,0,3,0,0.0,340640.98028097977,0.2516480156072698,38.90037122720529,0,0.0,0,38.90037122720529,0.05,0.05,97.25092806801322,2.41502207356352,36.48534915364177,1373.4914042408307,36.485349153641664
105393,34,M,College,Single,$100k to $120k,112500.0,2019-12-31,30,13900,0.13964167249992554,750.0,0,0,3,0,0.0,338603.3083058585,0.2516480156072698,38.8203849549793,0,0.0,0,38.8203849549793,0.05,0.05,97.05096238744825,-0.1999656805649721,39.020350635544276,1412.5117548763749,39.02035063554422
105393,35,M,College,Single,$100k to $120k,112500.0,2020-01-31,31,13900,0.1900613257796267,750.0,0,0,3,0,0.0,336565.63633073727,0.2516480156072698,52.83704856673622,0,0.0,0,52.83704856673622,0.05,0.05,132.09262141684056,35.04165902939231,17.795389537343915,1430.3071444137188,17.795389537343908
105393,35,M,College,Single,$100k to $120k,112500.0,2020-02-29,32,13900,0.16203188209162633,750.0,0,0,3,0,0.0,334527.9643556161,0.2516480156072698,45.04486322147213,0,0.0,0,45.04486322147213,0.05,0.05,112.6121580536803,-19.480463363160254,64.52532658463238,1494.8324709983513,64.52532658463247
105393,35,M,College,Single,$100k to $120k,112500.0,2020-03-31,33,13900,0.2941328936794022,750.0,1,0,3,0,3475.180138822137,337923.505307755,0.32578519190214206,81.76894444287382,0,71.270152680344,0,153.0390971232178,0.05,0.2,817.6894444287382,705.0772863750578,-552.0381892518401,942.7942817465112,-552.0381892518401
105393,35,M,College,Single,$100k to $120k,112500.0,2020-04-30,34,13900,0.31159618785290133,745.0,1,0,3,0,3681.5089594820292,334665.28601296403,0.3301868734095531,86.62374022310657,0,75.50161291071062,0,162.12535313381719,0.05,0.2,866.2374022310657,48.54795780232757,113.57739533148961,1056.3716770780009,113.5773953314897
105393,35,M,College,Single,$100k to $120k,112500.0,2020-05-31,35,13900,0.3363973510954076,745.0,1,0,3,0,3974.5347031922406,334720.08882919385,0.33643808927537094,93.51846360452332,0,81.51108253796754,0,175.02954614249086,0.05,0.2,935.1846360452331,68.94723381416736,106.0823123283235,1162.4539894063244,106.0823123283235
105393,35,M,College,Single,$100k to $120k,112500.0,2020-06-30,36,13900,0.35291398234066557,745.0,1,0,3,0,4169.678701354964,334707.7581966584,0.3406011612361757,98.11008709070502,0,85.51316070028805,100,283.6232477909931,0.05,0.2,981.1008709070503,45.9162348618172,237.7070129291759,1400.1610023355001,237.7070129291758
105393,35,M,College,Single,$100k to $120k,112500.0,2020-07-31,37,13900,0.3735057064780044,745.0,1,0,3,0,4412.969922037622,334762.28940408095,0.3457913739440724,103.83458640088521,0,90.50265815112157,0,194.33724455200678,0.05,0.2,1038.3458640088522,57.244993101801924,137.09225145020486,1537.253253785705,137.0922514502049
105393,35,M,College,Single,$100k to $120k,112500.0,2020-08-31,38,13900,0.3994836718494247,745.0,1,0,3,0,4719.899582900953,334691.87335194217,0.35233920670915675,111.05646077414008,0,96.79727394599371,0,207.8537347201338,0.05,0.2,1110.5646077414006,72.21874373254832,135.63499098758547,1672.8882447732906,135.63499098758552
105393,35,M,College,Single,$100k to $120k,112500.0,2020-09-30,39,13900,0.41510082628838124,740.0,1,0,3,0,4904.416262597224,334704.9984728966,0.3562755625426772,115.39802970816999,0,100.58140351876473,0,215.9794332269347,0.05,0.2,1153.9802970816997,43.415689340299195,172.5637438866355,1845.451988659926,172.5637438866354
105393,35,M,College,Single,$100k to $120k,112500.0,2020-10-31,40,13900,0.43367448235060446,740.0,1,0,3,0,5123.864008972391,334637.5320550177,0.36095711446534745,120.56150609346804,0,105.08191105067546,0,225.64341714414348,0.05,0.2,1205.6150609346805,51.63476385298077,174.00865329116272,2019.4606419510887,174.00865329116277
105393,35,M,College,Single,$100k to $120k,112500.0,2020-11-30,41,13900,0.42461913335403995,740.0,2,1,4,0,5016.875060577982,334228.471109955,0.3586746835662667,118.04411907242311,0,102.88774603402013,0,220.93186510644324,0.05,0.35,2065.772083767404,860.1570228327237,-639.2251577262805,1380.2354842248083,-639.2251577262805
105393,35,M,College,Single,$100k to $120k,112500.0,2020-12-31,42,13900,0.478418816428407,740.0,2,1,4,0,5652.518316101628,335114.1367097623,0.3722350730174378,133.00043096709715,0,115.92372979938423,0,248.92416076648138,0.05,0.35,2327.5075419242003,261.7354581567961,-12.811297390314706,1367.4241868344936,-12.811297390314621
105393,36,M,College,Single,$100k to $120k,112500.0,2021-01-31,43,13900,0.522543557888447,735.0,2,1,4,0,6173.852136452001,335010.5634184732,0.38335686118491247,145.26710909298828,0,126.61541756506979,0,271.88252665805805,0.05,0.35,2542.1744091272944,214.66686720309417,57.215659454963884,1424.6398462894576,57.215659454964
105393,36,M,College,Single,$100k to $120k,112500.0,2021-02-28,44,13900,0.6382803335620286,730.0,3,2,4,0,7541.282141035368,335770.8944613717,0.49296904412040154,177.44193273024396,0,154.659127909067,0,332.10106063931096,0.05,0.49999999999999994,4436.048318256098,1893.873909128804,-1561.7728484894928,-137.1330022000352,-1561.7728484894928
105393,36,M,College,Single,$100k to $120k,112500.0,2021-03-31,45,13900,0.7010610767475691,725.0,3,2,4,0,8283.03662177253,335076.24658063205,0.5167051875039907,194.89497933582422,0,169.8712760515183,0,364.76625538734254,0.05,0.49999999999999994,4872.374483395604,436.326165139506,-71.55990975216343,-208.69291195219864,-71.55990975216343
105393,36,M,College,Single,$100k to $120k,112500.0,2021-04-30,46,13900,0.7785865765427524,725.0,3,2,4,0,9199.00040185262,335396.04872972035,0.5460160284665536,216.44706827888515,0,188.6561665746608,0,405.1032348535459,0.05,0.49999999999999994,5411.176706972129,538.8022235765247,-133.6989887229788,-342.39190067517745,-133.6989887229788
105393,36,M,College,Single,$100k to $120k,112500.0,2021-05-31,47,13900,0.8458604150187405,720.0,3,2,4,0,9993.84080344642,335231.2973598874,0.5714509213175551,235.14919537520987,0,204.957018477347,0,440.10621385255683,0.05,0.49999999999999994,5878.729884380246,467.55317740811734,-27.4469635555605,-369.83886423073795,-27.4469635555605
105393,36,M,College,Single,$100k to $120k,112500.0,2021-06-30,48,13900,0.9123718617886685,695.0,3,2,4,1,10779.673547033119,335240.7001237753,0.5965975691123296,253.63937757724983,30,0.0,100,383.63937757724983,0.15,0.6,7609.181327317495,1730.4514429372484,-1346.8120653599985,-1716.6509295907365,-1346.8120653599985
105393,36,M,College,Single,$100k to $120k,112500.0,2021-07-31,49,13900,0.9669672899525036,675.0,4,4,4,2,13440.8453303398,337110.1150232967,0.8251240830351012,51.56590489981329,30,0.0,0,81.56590489981329,0.4,0.9,12096.76079730582,4487.579469988325,-4406.013565088512,-6122.6644946792485,-4406.013565088512
105393,36,M,College,Single,$100k to $120k,112500.0,2021-08-31,50,13900,0.9732047623699898,655.0,4,4,4,3,13527.546196942858,334553.53663068457,0.828823320010165,1.111227899881096,30,0.0,0,31.111227899881097,0.65,0.9,12174.791577248572,78.0307799427519,-46.919552042870805,-6169.58404672212,-46.919552042871146
105393,36,M,College,Single,$100k to $120k,112500.0,2021-09-30,51,13900,0.9792232944211631,635.0,4,4,4,4,13527.546196942858,334352.0038467255,0.828823320010165,0.0,0,0.0,0,0.0,0.72,0.9,12250.08341320875,75.2918359601772,-75.2918359601772,-6244.875882682297,-75.2918359601772
105393,36,M,College,Single,$100k to $120k,112500.0,2021-10-31,52,13900,0.988708747646096,615.0,4,4,4,5,13527.546196942858,334447.46557168243,0.828823320010165,0.0,0,0.0,0,0.0,0.8,0.9,12368.74643305266,118.66301984391066,-118.66301984391066,-6363.5389025262075,-118.66301984391066
105393,36,M,College,Single,$100k to $120k,112500.0,2021-11-30,53,13900,0.99,595.0,4,4,4,6,13527.546196942858,334455.8717580044,0.828823320010165,0.0,0,0.0,0,0.0,0.84,0.9,12384.9,16.15356694733964,-16.15356694733964,-6379.692469473547,-16.15356694733964
105393,36,M,College,Single,$100k to $120k,112500.0,2021-12-31,54,13900,0.99,575.0,4,4,4,7,13527.546196942858,334365.12553987873,0.828823320010165,0.0,0,0.0,0,0.0,0.86,0.9,12384.9,0.0,0.0,-6379.692469473547,0.0
