Customer ID,Customer Age,Gender,Education,Marital Status,Income Category,Income Numeric,Snapshot Month,Month on Book,Credit_Limit,Utilization,FICO,external_bank_credit_card_max_util_greater_than_50,external_bank_credit_card_max_util_greater_than_90,Credit_Inquiries,Delinquency,Revolving_Bal,Total_Debt,Debt_to_Income_Ratio,Interchange Fee,Late_Fee_Revenue,Monthly_Interest_Revenue,Annual_Fee,Total Revenue,Delinquency_Weight,ECL Ratio,ECL,ECL MoM Charge,Profit,Cumulative Profit,MoM Cumulative Profit Change
133894,37,F,High School,Married,Less than $40k,32400.0,2019-12-31,1,8900,0.2039599978085485,740.0,0,0,1,0,0.0,0.0,0,36.304879609921635,0,0.0,0,36.304879609921635,0.05,0.06019799989042743,109.27405693900218,109.27405693900218,-72.96917732908054,-72.96917732908054,-72.96917732908054
133894,38,F,High School,Married,Less than $40k,32400.0,2020-01-31,2,8900,0.1929228956648952,741.0,0,0,1,0,0.0,0.0,0,34.34027542835135,0,0.0,0,34.34027542835135,0.05,0.059646144783244766,102.41325200479736,-6.860804934204822,41.20108036255617,-31.768096966524368,41.20108036255617
133894,38,F,High School,Married,Less than $40k,32400.0,2020-02-29,3,8900,0.23756695234322298,739.0,0,0,1,0,0.0,0.0,0,42.28691751709369,0,0.0,0,42.28691751709369,0.05,0.061878347617161156,130.83222908904722,28.41897708424986,13.867940432843831,-17.900156533680537,13.867940432843831
133894,38,F,High School,Married,Less than $40k,32400.0,2020-03-31,4,8900,0.23050719650146964,739.0,0,0,1,0,0.0,0.0,0,41.030280977261604,0,0.0,0,41.030280977261604,0.05,0.06152535982507348,126.22014004249436,-4.612089046552853,45.64237002381446,27.74221349013392,45.64237002381446
133894,38,F,High School,Married,Less than $40k,32400.0,2020-04-30,5,8900,0.2488703402136994,739.0,0,0,1,0,0.0,0.0,0,44.29892055803849,0,0.0,0,44.29892055803849,0.05,0.06244351701068497,138.30901997104291,12.08887992854855,32.21004062948994,59.95225411962386,32.21004062948994
133894,38,F,High School,Married,Less than $40k,32400.0,2020-05-31,6,8900,0.1903435083329881,741.0,0,0,1,0,0.0,0.0,0,33.88114448327188,0,0.0,0,33.88114448327188,0.05,0.05951717541664941,100.82550097638679,-37.48351899465612,71.364663477928,131.31691759755188,71.36466347792802
133894,38,F,High School,Married,Less than $40k,32400.0,2020-06-30,7,8900,0.2256886093427487,739.0,0,0,1,0,0.0,0.0,0,40.17257246300927,0,0.0,0,40.17257246300927,0.05,0.06128443046713744,123.09766118976658,22.27216021337979,17.900412249629476,149.21732984718136,17.900412249629483
133894,38,F,High School,Married,Less than $40k,32400.0,2020-07-31,8,8900,0.22726148848697458,739.0,0,0,1,0,0.0,0.0,0,40.45254495068148,0,0.0,0,40.45254495068148,0.05,0.06136307442434873,124.114626323149,1.0169651333824135,39.435579817299065,188.65290966448043,39.43557981729907
133894,38,F,High School,Married,Less than $40k,32400.0,2020-08-31,9,8900,0.23025976030197645,739.0,0,0,1,0,0.0,0.0,0,40.98623733375181,0,0.0,0,40.98623733375181,0.05,0.06151298801509883,126.05929629475357,1.9446699716045686,39.04156736214724,227.69447702662768,39.04156736214725
133894,38,F,High School,Married,Less than $40k,32400.0,2020-09-30,10,8900,0.24027464394326753,739.0,0,0,1,0,0.0,0.0,0,42.76888662190162,0,0.0,0,42.76888662190162,0.05,0.06201373219716338,132.61291406707252,6.553617772318958,36.215268849582664,263.90974587621037,36.215268849582685
133894,38,F,High School,Married,Less than $40k,32400.0,2020-10-31,11,8900,0.18740760278743263,741.0,0,0,1,0,0.0,0.0,0,33.35855329616301,0,0.0,0,33.35855329616301,0.05,0.05937038013937163,99.02549950463433,-33.5874145624382,66.94596785860121,330.85571373481156,66.9459678586012
133894,38,F,High School,Married,Less than $40k,32400.0,2020-11-30,12,8900,0.20934363924283805,740.0,0,0,1,0,0.0,0.0,0,37.26316778522517,0,0.0,100,137.26316778522516,0.05,0.0604671819621419,112.65993734775175,13.634437843117425,123.62872994210774,454.4844436769193,123.62872994210773
133894,38,F,High School,Married,Less than $40k,32400.0,2020-12-31,13,8900,0.20572211478913452,740.0,0,0,0,0,0.0,0.0,0,36.618536432465945,0,0.0,0,36.618536432465945,0.05,0.06028610573945673,110.37944796958952,-2.2804893781622297,38.899025810628174,493.3834694875475,38.89902581062819
133894,39,F,High School,Married,Less than $40k,32400.0,2021-01-31,14,8900,0.22219482002679544,740.0,0,0,0,0,0.0,0.0,0,39.55067796476959,0,0.0,0,39.55067796476959,0.05,0.06110974100133978,120.84658434272329,10.46713637313377,29.08354159163582,522.4670110791833,29.08354159163582
133894,39,F,High School,Married,Less than $40k,32400.0,2021-02-28,15,8900,0.23451549532476312,739.0,0,0,0,0,0.0,0.0,0,41.74375816780784,0,0.0,0,41.74375816780784,0.05,0.06172577476623816,128.83329072812106,7.986706385397767,33.75705178241007,556.2240628615933,33.75705178241003
133894,39,F,High School,Married,Less than $40k,32400.0,2021-03-31,16,8900,0.18610232752019185,741.0,0,0,0,0,0.0,0.0,0,33.12621429859415,0,0.0,0,33.12621429859415,0.05,0.059305116376009596,98.22769970373794,-30.605591024383116,63.731805322977266,619.9558681845706,63.731805322977266
133894,39,F,High School,Married,Less than $40k,32400.0,2021-04-30,17,8900,0.1796948377736539,741.0,0,0,0,0,0.0,0.0,0,31.985681123710393,0,0.0,0,31.985681123710393,0.05,0.0589847418886827,94.33335726078839,-3.894342442949551,35.88002356665994,655.8358917512305,35.88002356665993
133894,39,F,High School,Married,Less than $40k,32400.0,2021-05-31,18,8900,0.22593378848284332,739.0,0,0,0,0,0.0,0.0,0,40.216214349946114,0,0.0,0,40.216214349946114,0.05,0.06129668942414217,123.25604004116882,28.922682780380427,11.293531569565687,667.1294233207961,11.29353156956563
133894,39,F,High School,Married,Less than $40k,32400.0,2021-06-30,19,8900,0.2182536933463298,740.0,0,0,0,0,0.0,0.0,0,38.84915741564671,0,0.0,0,38.84915741564671,0.05,0.060912684667316495,118.32032376251139,-4.935716278657424,43.78487369430413,710.9142970151003,43.78487369430411
133894,39,F,High School,Married,Less than $40k,32400.0,2021-07-31,20,8900,0.18774982846307203,741.0,0,0,0,0,0.0,0.0,0,33.419469466426825,0,0.0,0,33.419469466426825,0.05,0.0593874914231536,99.23492281518834,-19.085400947323052,52.50487041374988,763.4191674288502,52.50487041374993
133894,39,F,High School,Married,Less than $40k,32400.0,2021-08-31,21,8900,0.246610738911673,739.0,0,0,0,0,0.0,0.0,0,43.8967115262778,0,0.0,0,43.8967115262778,0.05,0.06233053694558365,136.80527997891429,37.570357163725944,6.326354362551854,769.7455217914021,6.3263543625519105
133894,39,F,High School,Married,Less than $40k,32400.0,2021-09-30,22,8900,0.2025023432665342,740.0,0,0,0,0,0.0,0.0,0,36.04541710144309,0,0.0,0,36.04541710144309,0.05,0.06012511716332671,108.3617463212623,-28.443533657651983,64.48895075909508,834.2344725504972,64.48895075909513
133894,39,F,High School,Married,Less than $40k,32400.0,2021-10-31,23,8900,0.23362551756790056,739.0,0,0,0,0,0.0,0.0,0,41.5853421270863,0,0.0,0,41.5853421270863,0.05,0.06168127587839503,128.25184801191264,19.89010169065034,21.69524043643596,855.9297129869332,21.695240436435938
133894,39,F,High School,Married,Less than $40k,32400.0,2021-11-30,24,8900,0.18504390220378494,741.0,0,0,0,0,0.0,0.0,0,32.937814592273725,0,0.0,100,132.93781459227372,0.05,0.059252195110189254,97.58189083623206,-30.66995717568058,163.60777176795432,1019.5374847548875,163.60777176795432
133894,39,F,High School,Married,Less than $40k,32400.0,2021-12-31,25,8900,0.1978768388485562,741.0,0,0,0,0,0.0,0.0,0,35.222077315043,0,0.0,0,35.222077315043,0.05,0.05989384194242781,105.47927657955789,7.897385743325827,27.324691571717175,1046.8621763266046,27.324691571717153
133894,40,F,High School,Married,Less than $40k,32400.0,2022-01-31,26,8900,0.2226274936952511,740.0,0,0,0,0,0.0,0.0,0,39.627693877754695,0,0.0,0,39.627693877754695,0.05,0.061131374684762554,121.12477011670467,15.645493537146777,23.982200340607918,1070.8443766672126,23.98220034060796
133894,40,F,High School,Married,Less than $40k,32400.0,2022-02-28,27,8900,0.21493573229179955,740.0,0,0,0,0,0.0,0.0,0,38.25856034794032,0,0.0,0,38.25856034794032,0.05,0.06074678661458998,116.2042300818872,-4.9205400348174635,43.17910038275778,1114.0234770499703,43.179100382757724
133894,40,F,High School,Divorced,Less than $40k,32400.0,2022-03-31,28,8900,0.1361494206976244,740.0,0,0,1,0,0.0,0.0,0,24.234596884177144,0,0.0,0,24.234596884177144,0.05,0.05680747103488122,68.83530802699579,-47.368922054891414,71.60351893906855,1185.626995989039,71.60351893906864
133894,40,F,High School,Divorced,Less than $40k,32400.0,2022-04-30,29,8900,0.15881784690264084,740.0,0,0,1,0,0.0,0.0,0,28.26957674867007,0,0.0,0,28.26957674867007,0.05,0.05794089234513204,81.89822515185702,13.06291712486123,15.20665962380884,1200.833655612848,15.206659623808946
133894,40,F,High School,Divorced,Less than $40k,32400.0,2022-05-31,30,8900,0.18384182089146975,740.0,0,0,1,0,0.0,0.0,0,32.72384411868161,0,0.0,0,32.72384411868161,0.05,0.05919209104457349,96.84963802007167,14.951412868214646,17.772431250466965,1218.6060868633149,17.77243125046698
133894,40,F,High School,Divorced,Less than $40k,32400.0,2022-06-30,31,8900,0.20463461066276378,740.0,0,0,1,0,0.0,0.0,0,36.424960697971954,0,0.0,0,36.424960697971954,0.05,0.06023173053313819,109.69692087201979,12.847282851948123,23.577677846023832,1242.1837647093387,23.57767784602379
133894,40,F,High School,Divorced,Less than $40k,32400.0,2022-07-31,32,8900,0.22314954676920618,740.0,0,0,1,0,1688.1263213090447,1688.1263213090447,1,39.7206193249187,0,34.62065730617966,0,74.34127663109837,0.05,0.06115747733846031,121.4606438116662,11.763722939646414,62.57755369145195,1304.7613184007905,62.57755369145184
133894,40,F,High School,Divorced,Less than $40k,32400.0,2022-08-31,33,8900,0.5744585475222024,706.0,0,0,1,1,4345.778912005461,4345.778912005461,1,102.25362145895203,30,0.0,0,132.253621458952,0.15,0.17872292737611012,913.7533280976269,792.2926842859607,-660.0390628270087,644.7222555737818,-660.0390628270087
133894,40,F,High School,Divorced,Less than $40k,32400.0,2022-09-30,34,8900,0.6403267585581253,688.0,0,0,1,2,4844.071928492218,4844.071928492218,1,9.177642184599309,30,0.0,0,39.17764218459931,0.4,0.4320163379279063,2462.0214296547983,1548.2681015571716,-1509.0904593725722,-864.3682037987904,-1509.0904593725722
133894,40,F,High School,Divorced,Less than $40k,32400.0,2022-10-31,35,8900,0.7149715993553579,670.0,0,0,1,3,5408.760149123283,5408.760149123283,1,10.478860449568069,30,0.0,0,40.47886044956807,0.65,0.685748579967768,4363.587754879463,1901.566325224665,-1861.0874647750968,-2725.455668573887,-1861.0874647750966
133894,40,F,High School,Divorced,Less than $40k,32400.0,2022-11-30,36,8900,0.7809401800769,660.0,0,0,1,4,5408.760149123283,5408.760149123283,1,0.0,0,0.0,100,100.0,0.72,0.759047009003845,5275.6557402948265,912.0679854153632,-812.0679854153632,-3537.5236539892503,-812.0679854153632
133894,40,F,High School,Divorced,Less than $40k,32400.0,2022-12-31,37,8900,0.8494680687233238,642.0,0,0,1,5,5408.760149123283,5408.760149123283,1,0.0,0,0.0,0,0.0,0.8,0.8424734034361663,6369.322869212404,1093.6671289175774,-1093.6671289175774,-4631.190782906828,-1093.6671289175774
133894,41,F,High School,Divorced,Less than $40k,32400.0,2023-01-31,38,8900,0.9183999552870341,624.0,0,0,1,6,5408.760149123283,5408.760149123283,1,0.0,0,0.0,0,0.0,0.84,0.8859199977643517,7241.297088378562,871.974219166158,-871.974219166158,-5503.165002072986,-871.974219166158
133894,41,F,High School,Divorced,Less than $40k,32400.0,2023-02-28,39,8900,0.992447642510583,614.0,0,0,1,7,5408.760149123283,5408.760149123283,1,0.0,0,0.0,0,0.0,0.86,0.9,7949.50561650977,708.2085281312084,-708.2085281312084,-6211.373530204194,-708.2085281312084
133895,37,F,High School,Married,Less than $40k,32400.0,2019-12-31,1,9000,0.23799830165934283,739.0,0,0,1,0,0.0,0.0,0,42.83969429868171,0,0.0,0,42.83969429868171,0.05,0.06189991508296715,132.58867196343346,132.58867196343346,-89.74897766475175,-89.74897766475175,-89.74897766475175
133895,38,F,High School,Married,Less than $40k,32400.0,2020-01-31,2,9000,0.18640250260890012,741.0,0,0,1,0,0.0,0.0,0,33.55245046960202,0,0.0,0,33.55245046960202,0.05,0.05932012513044501,99.51677801449252,-33.07189394894094,66.62434441854296,-23.124633246208788,66.62434441854296
133895,38,F,High School,Married,Less than $40k,32400.0,2020-02-29,3,9000,0.24608026605600836,739.0,0,0,1,0,0.0,0.0,0,44.2944478900815,0,0.0,0,44.2944478900815,0.05,0.06230401330280042,137.98609352919192,38.4693155146994,5.825132375382097,-17.29950087082669,5.825132375382097
133895,38,F,High School,Married,Less than $40k,32400.0,2020-03-31,4,9000,0.17212368146986576,742.0,0,0,1,0,0.0,0.0,0,30.98226266457584,0,0.0,0,30.98226266457584,0.05,0.05860618407349329,90.78760943667251,-47.19848409251941,78.18074675709525,60.88124588626856,78.18074675709525
133895,38,F,High School,Married,Less than $40k,32400.0,2020-04-30,5,9000,0.18815702810737822,741.0,0,0,1,0,0.0,0.0,0,33.86826505932808,0,0.0,0,33.86826505932808,0.05,0.05940785140536892,100.60204290011053,9.814433463438021,24.05383159589006,84.93507748215862,24.05383159589006
133895,38,F,High School,Married,Less than $40k,32400.0,2020-05-31,6,9000,0.19703782861599342,741.0,0,0,1,0,0.0,0.0,0,35.46680915087882,0,0.0,0,35.46680915087882,0.05,0.05985189143079968,106.13778053476459,5.535737634654055,29.931071516224762,114.86614899838338,29.931071516224762
133895,38,F,High School,Married,Less than $40k,32400.0,2020-06-30,7,9000,0.22912599912182735,739.0,0,0,1,0,0.0,0.0,0,41.24267984192892,0,0.0,0,41.24267984192892,0.05,0.06145629995609137,126.73112516793134,20.59334463316675,20.649335208762167,135.51548420714556,20.64933520876218
133895,38,F,High School,Married,Less than $40k,32400.0,2020-07-31,8,9000,0.24179986831658667,739.0,0,0,1,0,0.0,0.0,0,43.5239762969856,0,0.0,0,43.5239762969856,0.05,0.06208999341582934,135.1201700855274,8.389044917596067,35.134931379389535,170.6504155865351,35.13493137938954
133895,38,F,High School,Married,Less than $40k,32400.0,2020-08-31,9,9000,0.23331239794653852,739.0,0,0,1,0,0.0,0.0,0,41.99623163037693,0,0.0,0,41.99623163037693,0.05,0.061665619897326926,129.48618284194612,-5.633987243581288,47.63021887395822,218.28063446049333,47.63021887395823
133895,38,F,High School,Married,Less than $40k,32400.0,2020-09-30,10,9000,0.23442341552171408,739.0,0,0,1,0,0.0,0.0,0,42.19621479390854,0,0.0,0,42.19621479390854,0.05,0.06172117077608571,130.21998896996112,0.7338061280150043,41.462408665893534,259.74304312638685,41.46240866589352
133895,38,F,High School,Married,Less than $40k,32400.0,2020-10-31,11,9000,0.24780663670482703,739.0,0,0,1,0,0.0,0.0,0,44.605194606868864,0,0.0,0,44.605194606868864,0.05,0.062390331835241356,139.14664465490333,8.926655684942205,35.67853892192666,295.4215820483135,35.678538921926645
133895,38,F,High School,Married,Less than $40k,32400.0,2020-11-30,12,9000,0.19077200104013514,741.0,0,0,1,0,0.0,0.0,0,34.33896018722432,0,0.0,100,134.33896018722433,0.05,0.05953860005200676,102.22468083944662,-36.92196381545671,171.26092400268104,466.68250605099456,171.26092400268107
133895,38,F,High School,Married,Less than $40k,32400.0,2020-12-31,13,9000,0.19379165102449636,741.0,0,0,0,0,0.0,0.0,0,34.882497184409345,0,0.0,0,34.882497184409345,0.05,0.05968958255122482,104.10608476408343,1.881403924636814,33.00109325977253,499.6835993107671,33.00109325977252
133895,39,F,High School,Married,Less than $40k,32400.0,2021-01-31,14,9000,0.23684616744745374,739.0,0,0,0,0,0.0,0.0,0,42.632310140541676,0,0.0,0,42.632310140541676,0.05,0.06184230837237269,131.82402351690047,27.717938752817034,14.914371387724643,514.5979706984917,14.914371387724657
133895,39,F,High School,Married,Less than $40k,32400.0,2021-02-28,15,9000,0.1722284031622478,742.0,0,0,0,0,0.0,0.0,0,31.001112569204608,0,0.0,0,31.001112569204608,0.05,0.058611420158112396,90.85096170812952,-40.97306180877095,71.97417437797556,586.5721450764673,71.9741743779756
133895,39,F,High School,Married,Less than $40k,32400.0,2021-03-31,16,9000,0.23865785680699436,739.0,0,0,0,0,0.0,0.0,0,42.958414225258984,0,0.0,0,42.958414225258984,0.05,0.061932892840349724,133.02694324021599,42.17598153208647,0.7824326931725167,587.3545777696398,0.7824326931724954
133895,39,F,High School,Married,Less than $40k,32400.0,2021-04-30,17,9000,0.2082523934382222,740.0,0,0,0,0,0.0,0.0,0,37.48543081888,0,0.0,0,37.48543081888,0.05,0.06041261967191111,113.22965376493663,-19.797289475279356,57.282720294159354,644.6372980637992,57.28272029415939
133895,39,F,High School,Married,Less than $40k,32400.0,2021-05-31,18,9000,0.2422415950644471,739.0,0,0,0,0,0.0,0.0,0,43.60348711160048,0,0.0,0,43.60348711160048,0.05,0.06211207975322236,135.4151634497166,22.185509684779973,21.417977426820507,666.0552754906197,21.41797742682047
133895,39,F,High School,Married,Less than $40k,32400.0,2021-06-30,19,9000,0.22530303968611748,739.0,0,0,0,0,0.0,0.0,0,40.554547143501146,0,0.0,0,40.554547143501146,0.05,0.06126515198430588,124.22902472006479,-11.186138729651816,51.74068587315296,717.7959613637727,51.740685873152984
133895,39,F,High School,Married,Less than $40k,32400.0,2021-07-31,20,9000,0.2481519388173567,739.0,0,0,0,0,0.0,0.0,0,44.66734898712421,0,0.0,0,44.66734898712421,0.05,0.06240759694086784,139.37909560027643,15.150070880211643,29.517278106912563,747.3132394706853,29.517278106912613
133895,39,F,High School,Married,Less than $40k,32400.0,2021-08-31,21,9000,0.17511882535715464,741.0,0,0,0,0,0.0,0.0,0,31.521388564287836,0,0.0,0,31.521388564287836,0.05,0.058755941267857735,92.60344275823091,-46.77565284204552,78.29704140633335,825.6102808770187,78.29704140633339
133895,39,F,High School,Married,Less than $40k,32400.0,2021-09-30,22,9000,0.20623746944401233,740.0,0,0,0,0,0.0,0.0,0,37.12274449992222,0,0.0,0,37.12274449992222,0.05,0.06031187347220062,111.94711346100702,19.34367070277611,17.77907379714611,843.3893546741648,17.77907379714611
133895,39,F,High School,Married,Less than $40k,32400.0,2021-10-31,23,9000,0.24249378532261456,739.0,0,0,0,0,0.0,0.0,0,43.648881358070625,0,0.0,0,43.648881358070625,0.05,0.06212468926613073,135.58365955921718,23.63654609821016,20.012335259860464,863.4016899340253,20.012335259860492
133895,39,F,High School,Married,Less than $40k,32400.0,2021-11-30,24,9000,0.20876599133534715,740.0,0,0,0,0,0.0,0.0,0,37.57787844036249,0,0.0,100,137.5778784403625,0.05,0.06043829956676736,113.55715371310984,-22.02650584610734,159.60438428646984,1023.0060742204951,159.60438428646978
133895,39,F,High School,Married,Less than $40k,32400.0,2021-12-31,25,9000,0.2187200123185132,740.0,0,0,0,0,0.0,0.0,0,39.36960221733238,0,0.0,0,39.36960221733238,0.05,0.06093600061592566,119.9513052482057,6.394151535095858,32.97545068223652,1055.9815249027315,32.97545068223644
133895,40,F,High School,Married,Less than $40k,32400.0,2022-01-31,26,9000,0.1834106526604122,741.0,0,0,0,0,0.0,0.0,0,33.0139174788742,0,0.0,0,33.0139174788742,0.05,0.05917053263302061,97.67255407637876,-22.27875117182694,55.29266865070114,1111.2741935534327,55.292668650701216
133895,40,F,High School,Married,Less than $40k,32400.0,2022-02-28,27,9000,0.24219350062376685,739.0,0,0,0,0,0.0,0.0,0,43.59483011227803,0,0.0,0,43.59483011227803,0.05,0.06210967503118835,135.38303656567263,37.71048248929387,5.884347622984166,1117.158541176417,5.884347622984251
133895,40,F,High School,Divorced,Less than $40k,32400.0,2022-03-31,28,9000,0.1372608105161278,740.0,0,0,1,0,0.0,0.0,0,24.706945892903004,0,0.0,0,24.706945892903004,0.05,0.056863040525806395,70.24560327885246,-65.13743328682017,89.84437917972318,1207.00292035614,89.84437917972309
133895,40,F,High School,Divorced,Less than $40k,32400.0,2022-04-30,29,9000,0.16032111865437146,740.0,0,0,1,0,0.0,0.0,0,28.85780135778686,0,0.0,0,28.85780135778686,0.05,0.05801605593271858,83.71079088343222,13.465187604579768,15.392613753207094,1222.3955341093472,15.392613753207115
133895,40,F,High School,Divorced,Less than $40k,32400.0,2022-05-31,30,9000,0.18320975309738316,740.0,0,0,1,0,0.0,0.0,0,32.977755557528965,0,0.0,0,32.977755557528965,0.05,0.059160487654869164,97.54900502732428,13.83821414389206,19.139541413636906,1241.535075522984,19.139541413636834
133895,40,F,High School,Divorced,Less than $40k,32400.0,2022-06-30,31,9000,0.19586795024345352,740.0,0,0,1,0,0.0,0.0,0,35.256231043821636,0,0.0,0,35.256231043821636,0.05,0.05979339751217268,105.40449187921146,7.8554868518871785,27.400744191934457,1268.9358197149186,27.400744191934564
133895,40,F,High School,Divorced,Less than $40k,32400.0,2022-07-31,32,9000,0.21707634202441597,740.0,0,0,1,0,1660.6340164867822,1660.6340164867822,1,39.07374156439488,0,34.05683595478309,0,73.13057751917796,0.05,0.0608538171012208,118.88931613100273,13.484824251791267,59.645753267386695,1328.5815729823053,59.64575326738668
133895,40,F,High School,Divorced,Less than $40k,32400.0,2022-08-31,33,9000,0.5746621040481761,706.0,0,0,1,1,4396.165095968547,4396.165095968547,1,103.43917872867169,30,0.0,0,133.4391787286717,0.15,0.17873310520240882,924.4002806881224,805.5109645571197,-672.071785828448,656.5097871538572,-672.071785828448
133895,40,F,High School,Divorced,Less than $40k,32400.0,2022-09-30,34,9000,0.6376237148001404,688.0,0,0,1,2,4877.821418221074,4877.821418221074,1,8.851594984575218,30,0.0,0,38.851594984575215,0.4,0.43188118574000706,2478.3991740344945,1553.9988933463721,-1515.1472983617969,-858.6375112079396,-1515.1472983617969
133895,40,F,High School,Divorced,Less than $40k,32400.0,2022-10-31,35,9000,0.7056459196283309,670.0,0,0,1,3,5398.191285156731,5398.191285156731,1,9.610305980235156,30,0.0,0,39.610305980235154,0.65,0.6852822959814165,4352.099903575387,1873.700729540892,-1834.090423560657,-2692.7279347685967,-1834.0904235606572
133895,40,F,High School,Divorced,Less than $40k,32400.0,2022-11-30,36,9000,0.7769288625890631,660.0,0,0,1,4,5398.191285156731,5398.191285156731,1,0.0,0,0.0,100,100.0,0.72,0.7588464431294532,5306.1273354629,954.0274318875136,-854.0274318875136,-3546.7553666561103,-854.0274318875136
133895,40,F,High School,Divorced,Less than $40k,32400.0,2022-12-31,37,9000,0.8471732960660631,642.0,0,0,1,5,5398.191285156731,5398.191285156731,1,0.0,0,0.0,0,0.0,0.8,0.8423586648033032,6422.613898781002,1116.4865633181016,-1116.4865633181016,-4663.241929974212,-1116.486563318102
133895,41,F,High School,Divorced,Less than $40k,32400.0,2023-01-31,38,9000,0.9247058221333696,624.0,0,0,1,6,5398.191285156731,5398.191285156731,1,0.0,0,0.0,0,0.0,0.84,0.8862352911066684,7375.5624011975815,952.9485024165797,-952.9485024165797,-5616.190432390792,-952.9485024165797
133895,41,F,High School,Divorced,Less than $40k,32400.0,2023-02-28,39,9000,0.9855736857315426,614.0,0,0,1,7,5398.191285156731,5398.191285156731,1,0.0,0,0.0,0,0.0,0.86,0.9,7983.146854425495,607.5844532279134,-607.5844532279134,-6223.774885618705,-607.5844532279134
133896,37,F,High School,Married,Less than $40k,32400.0,2019-12-31,1,8200,0.18476409588192733,741.0,0,0,1,0,0.0,0.0,0,30.30131172463608,0,0.0,0,30.30131172463608,0.05,0.05923820479409637,89.74976547368729,89.74976547368729,-59.44845374905121,-59.44845374905121,-59.44845374905121
133896,38,F,High School,Married,Less than $40k,32400.0,2020-01-31,2,8200,0.1942463570921931,741.0,0,0,1,0,0.0,0.0,0,31.85640256311967,0,0.0,0,31.85640256311967,0.05,0.05971231785460966,95.11098177767018,5.361216303982886,26.495186259136783,-32.953267489914424,26.495186259136787
133896,38,F,High School,Married,Less than $40k,32400.0,2020-02-29,3,8200,0.21495962407097213,740.0,0,0,1,0,0.0,0.0,0,35.25337834763943,0,0.0,0,35.25337834763943,0.05,0.06074798120354861,107.07857826119938,11.967596483529206,23.285781864110227,-9.667485625804197,23.285781864110227
133896,38,F,High School,Married,Less than $40k,32400.0,2020-03-31,4,8200,0.19765240698158146,741.0,0,0,1,0,0.0,0.0,0,32.41499474497936,0,0.0,0,32.41499474497936,0.05,0.059882620349079076,97.05474119654961,-10.023837064649769,42.43883180962913,32.77134618382493,42.43883180962913
133896,38,F,High School,Married,Less than $40k,32400.0,2020-04-30,5,8200,0.19158884270322613,741.0,0,0,1,0,0.0,0.0,0,31.420570203329085,0,0.0,0,31.420570203329085,0.05,0.05957944213516131,93.60100221415094,-3.4537389823986757,34.87430918572776,67.64565536955268,34.87430918572775
133896,38,F,High School,Married,Less than $40k,32400.0,2020-05-31,6,8200,0.20321682440963115,740.0,0,0,1,0,0.0,0.0,0,33.32755920317951,0,0.0,0,33.32755920317951,0.05,0.06016084122048156,100.25069987443408,6.649697660283138,26.677861542896373,94.32351691244907,26.67786154289638
133896,38,F,High School,Married,Less than $40k,32400.0,2020-06-30,7,8200,0.217939442069187,740.0,0,0,1,0,0.0,0.0,0,35.74206849934667,0,0.0,0,35.74206849934667,0.05,0.06089697210345935,108.82918741623236,8.578487541798282,27.16358095754839,121.48709786999746,27.16358095754839
133896,38,F,High School,Married,Less than $40k,32400.0,2020-07-31,8,8200,0.24553564682965318,739.0,0,0,1,0,0.0,0.0,0,40.26784608006312,0,0.0,0,40.26784608006312,0.05,0.062276782341482664,125.38759428442084,16.558406868188484,23.70943921187464,145.1965370818721,23.70943921187464
133896,38,F,High School,Married,Less than $40k,32400.0,2020-08-31,9,8200,0.2354891212024362,739.0,0,0,1,0,0.0,0.0,0,38.62021587719954,0,0.0,0,38.62021587719954,0.05,0.061774456060121816,119.28714143692409,-6.100452847496754,44.720668724696296,189.9172058065684,44.72066872469631
133896,38,F,High School,Married,Less than $40k,32400.0,2020-09-30,10,8200,0.20176457938952247,740.0,0,0,1,0,0.0,0.0,0,33.08939101988169,0,0.0,0,33.08939101988169,0.05,0.060088228969476125,99.4141452031589,-19.872996233765193,52.96238725364688,242.87959306021529,52.96238725364688
133896,38,F,High School,Married,Less than $40k,32400.0,2020-10-31,11,8200,0.2457704365529511,739.0,0,0,1,0,0.0,0.0,0,40.30635159468398,0,0.0,0,40.30635159468398,0.05,0.06228852182764756,125.5311530549155,26.11700785175661,14.18934374292737,257.06893680314266,14.189343742927377
133896,38,F,High School,Married,Less than $40k,32400.0,2020-11-30,12,8200,0.20578790067971636,740.0,0,0,1,0,0.0,0.0,0,33.74921571147348,0,0.0,100,133.74921571147348,0.05,0.060289395033985824,101.73598990581128,-23.795163149104226,157.5443788605777,414.61331566372036,157.5443788605777
133896,38,F,High School,Married,Less than $40k,32400.0,2020-12-31,13,8200,0.19244419404214605,741.0,0,0,0,0,0.0,0.0,0,31.560847822911953,0,0.0,0,31.560847822911953,0.05,0.059622209702107305,94.08637436369766,-7.649615542113622,39.210463365025575,453.82377902874595,39.21046336502559
133896,39,F,High School,Married,Less than $40k,32400.0,2021-01-31,14,8200,0.2454170961920466,739.0,0,0,0,0,0.0,0.0,0,40.248403775495646,0,0.0,0,40.248403775495646,0.05,0.06227085480960233,125.31512539110697,31.228751027409317,9.01965274808633,462.8434317768323,9.019652748086344
133896,39,F,High School,Married,Less than $40k,32400.0,2021-02-28,15,8200,0.2097102690973346,740.0,0,0,0,0,0.0,0.0,0,34.392484131962874,0,0.0,0,34.392484131962874,0.05,0.06048551345486673,104.01235308550655,-21.302772305600428,55.6952564375633,518.5386882143956,55.69525643756333
133896,39,F,High School,Married,Less than $40k,32400.0,2021-03-31,16,8200,0.1963136913950323,741.0,0,0,0,0,0.0,0.0,0,32.195445388785295,0,0.0,0,32.195445388785295,0.05,0.059815684569751615,96.28963029791227,-7.722722787594279,39.918168176379574,558.4568563907752,39.918168176379595
133896,39,F,High School,Married,Less than $40k,32400.0,2021-04-30,17,8200,0.21129864291962364,740.0,0,0,0,0,0.0,0.0,0,34.652977438818276,0,0.0,0,34.652977438818276,0.05,0.06056493214598119,104.9377613619123,8.648131064000026,26.00484637481825,584.4617027655935,26.00484637481827
133896,39,F,High School,Married,Less than $40k,32400.0,2021-05-31,18,8200,0.23981418523381287,739.0,0,0,0,0,0.0,0.0,0,39.329526378345314,0,0.0,0,39.329526378345314,0.05,0.061990709261690646,121.90326175599986,16.96550039408757,22.364025984257744,606.8257287498512,22.36402598425775
133896,39,F,High School,Married,Less than $40k,32400.0,2021-06-30,19,8200,0.23288878137845867,739.0,0,0,0,0,0.0,0.0,0,38.19376014606722,0,0.0,0,38.19376014606722,0.05,0.06164443906892294,117.7216460068649,-4.181615749134963,42.37537589520218,649.2011046450534,42.37537589520218
133896,39,F,High School,Married,Less than $40k,32400.0,2021-07-31,20,8200,0.24494308835507167,739.0,0,0,0,0,0.0,0.0,0,40.17066649023175,0,0.0,0,40.17066649023175,0.05,0.06224715441775359,125.02548400407677,7.303837997211872,32.86682849301988,682.0679331380733,32.86682849301985
133896,39,F,High School,Married,Less than $40k,32400.0,2021-08-31,21,8200,0.23609557801250963,739.0,0,0,0,0,0.0,0.0,0,38.71967479405158,0,0.0,0,38.71967479405158,0.05,0.06180477890062548,119.65304698752396,-5.372437016552809,44.092111810604386,726.1600449486776,44.092111810604365
133896,39,F,High School,Married,Less than $40k,32400.0,2021-09-30,22,8200,0.24178569869859246,739.0,0,0,0,0,0.0,0.0,0,39.65285458656916,0,0.0,0,39.65285458656916,0.05,0.06208928493492963,123.1008693454412,3.4478223579172322,36.20503222865193,762.3650771773296,36.20503222865193
133896,39,F,High School,Married,Less than $40k,32400.0,2021-10-31,23,8200,0.19348321051735617,741.0,0,0,0,0,0.0,0.0,0,31.731246524846412,0,0.0,0,31.731246524846412,0.05,0.05967416052586781,94.6767749404785,-28.424094404962702,60.155340929809114,822.5204181071387,60.155340929809086
133896,39,F,High School,Married,Less than $40k,32400.0,2021-11-30,24,8200,0.17618521855825264,741.0,0,0,0,0,0.0,0.0,0,28.894375843553433,0,0.0,100,128.89437584355343,0.05,0.05880926092791264,84.96284441663549,-9.713930523843004,138.60830636739644,961.1287244745351,138.6083063673965
133896,39,F,High School,Married,Less than $40k,32400.0,2021-12-31,25,8200,0.18225587767514023,741.0,0,0,0,0,0.0,0.0,0,29.889963938723,0,0.0,0,29.889963938723,0.05,0.059112793883757016,88.34396387513313,3.3811194584976363,26.508844480225363,987.6375689547605,26.50884448022532
133896,40,F,High School,Married,Less than $40k,32400.0,2022-01-31,26,8200,0.22444970318325427,740.0,0,0,0,0,0.0,0.0,0,36.80975132205371,0,0.0,0,36.80975132205371,0.05,0.06122248515916272,112.67922270134515,24.335258826212026,12.47449249584168,1000.1120614506021,12.474492495841673
133896,40,F,High School,Married,Less than $40k,32400.0,2022-02-28,27,8200,0.18123194112179253,741.0,0,0,0,0,0.0,0.0,0,29.722038343973974,0,0.0,0,29.722038343973974,0.05,0.059061597056089626,87.7715526178718,-24.90767008347335,54.629708427447326,1054.7417698780496,54.62970842744744
133896,40,F,High School,Divorced,Less than $40k,32400.0,2022-03-31,28,8200,0.13745289020347656,740.0,0,0,1,0,0.0,0.0,0,22.542273993370156,0,0.0,0,22.542273993370156,0.05,0.056872644510173834,64.10193676379387,-23.669615854077932,46.21188984744809,1100.9536597254976,46.21188984744799
133896,40,F,High School,Divorced,Less than $40k,32400.0,2022-04-30,29,8200,0.15994329662637427,740.0,0,0,1,0,0.0,0.0,0,26.23070064672538,0,0.0,0,26.23070064672538,0.05,0.05799716483131872,76.06531345245553,11.963376688661654,14.267323958063727,1115.2209836835614,14.267323958063798
133896,40,F,High School,Divorced,Less than $40k,32400.0,2022-05-31,30,8200,0.18256337471588327,740.0,0,0,1,0,0.0,0.0,0,29.94039345340486,0,0.0,0,29.94039345340486,0.05,0.05912816873579417,88.51603180644948,12.450718353993949,17.48967509941091,1132.7106587829724,17.489675099410988
133896,40,F,High School,Divorced,Less than $40k,32400.0,2022-06-30,31,8200,0.1959929634009734,740.0,0,0,1,0,0.0,0.0,0,32.14284599775964,0,0.0,0,32.14284599775964,0.05,0.05979964817004867,96.10654409250418,7.590512286054704,24.55233371170494,1157.2629924946773,24.552333711704932
133896,40,F,High School,Divorced,Less than $40k,32400.0,2022-07-31,32,8200,0.21810284345078004,740.0,0,0,1,0,1520.1768188519368,1520.1768188519368,1,35.76886632592793,0,31.176292926621805,0,66.94515925254973,0.05,0.060905142172539006,108.92539444655917,12.818850354054987,54.12630889849474,1211.389301393172,54.1263088984947
133896,40,F,High School,Divorced,Less than $40k,32400.0,2022-08-31,33,8200,0.5658187378249987,706.0,0,0,1,1,3943.756602640241,3943.756602640241,1,92.79427300329979,30,0.0,0,122.79427300329979,0.15,0.17829093689124992,827.2188935950369,718.2934991484777,-595.499226145178,615.890075247994,-595.499226145178
133896,40,F,High School,Divorced,Less than $40k,32400.0,2022-09-30,34,8200,0.640750401237052,688.0,0,0,1,2,4466.0302966222525,4466.0302966222525,1,9.6476173276131,30,0.0,0,39.6476173276131,0.4,0.43203752006185264,2269.991357498562,1442.7724639035252,-1403.1248465759122,-787.2347713279182,-1403.1248465759122
133896,40,F,High School,Divorced,Less than $40k,32400.0,2022-10-31,35,8200,0.7149544298166429,670.0,0,0,1,3,4983.232375822001,4983.232375822001,1,9.548223435047861,30,0.0,0,39.54822343504786,0.65,0.6857477214908322,4020.282643975628,1750.291286477066,-1710.743063042018,-2497.9778343699363,-1710.743063042018
133896,40,F,High School,Divorced,Less than $40k,32400.0,2022-11-30,36,8200,0.7794756824949124,660.0,0,0,1,4,4983.232375822001,4983.232375822001,1,0.0,0,0.0,100,100.0,0.72,0.7589737841247456,4851.133188686335,830.8505447107073,-730.8505447107073,-3228.8283790806436,-730.8505447107073
133896,40,F,High School,Divorced,Less than $40k,32400.0,2022-12-31,37,8200,0.8539178838456826,642.0,0,0,1,5,4983.232375822001,4983.232375822001,1,0.0,0,0.0,0,0.0,0.8,0.8426958941922842,5900.663376491789,1049.5301878054534,-1049.5301878054534,-4278.358566886097,-1049.5301878054534
133896,41,F,High School,Divorced,Less than $40k,32400.0,2023-01-31,38,8200,0.9177825738700865,624.0,0,0,1,6,4983.232375822001,4983.232375822001,1,0.0,0,0.0,0,0.0,0.84,0.8858891286935043,6667.039558505992,766.3761820142036,-766.3761820142036,-5044.7347489003005,-766.3761820142036
133896,41,F,High School,Divorced,Less than $40k,32400.0,2023-02-28,39,8200,0.9868948678724739,614.0,0,0,1,7,4983.232375822001,4983.232375822001,1,0.0,0,0.0,0,0.0,0.86,0.9,7283.284124898858,616.2445663928656,-616.2445663928656,-5660.979315293166,-616.2445663928656
133897,37,F,High School,Married,Less than $40k,32400.0,2019-12-31,1,8700,0.21655580433922178,740.0,0,0,1,0,0.0,0.0,0,37.68070995502459,0,0.0,0,37.68070995502459,0.05,0.060827790216961095,114.60171601851967,114.60171601851967,-76.92100606349507,-76.92100606349507,-76.92100606349507
133897,38,F,High School,Married,Less than $40k,32400.0,2020-01-31,2,8700,0.2360254655937919,739.0,0,0,1,0,0.0,0.0,0,41.06843101331979,0,0.0,0,41.06843101331979,0.05,0.061801273279689595,126.9040664111128,12.302350392593127,28.76608062072666,-48.15492544276841,28.76608062072666
133897,38,F,High School,Married,Less than $40k,32400.0,2020-02-29,3,8700,0.2390820041589706,739.0,0,0,1,0,0.0,0.0,0,41.60026872366088,0,0.0,0,41.60026872366088,0.05,0.06195410020794853,128.86536085916367,1.9612944480508787,39.63897427561,-8.515951167158406,39.63897427561
133897,38,F,High School,Married,Less than $40k,32400.0,2020-03-31,4,8700,0.23780320306102476,739.0,0,0,1,0,0.0,0.0,0,41.377757332618316,0,0.0,0,41.377757332618316,0.05,0.06189016015305124,128.0438014044919,-0.8215594546717853,42.1993167872901,33.683365620131696,42.1993167872901
133897,38,F,High School,Married,Less than $40k,32400.0,2020-04-30,5,8700,0.23045630172673137,739.0,0,0,1,0,0.0,0.0,0,40.099396500451256,0,0.0,0,40.099396500451256,0.05,0.06152281508633657,123.35138779854772,-4.692413605944168,44.791810106395424,78.47517572652711,44.79181010639542
133897,38,F,High School,Married,Less than $40k,32400.0,2020-05-31,6,8700,0.24635760956761085,739.0,0,0,1,0,0.0,0.0,0,42.866224064764296,0,0.0,0,42.866224064764296,0.05,0.06231788047838055,133.56661139137304,10.215223592825325,32.65100047193897,111.12617619846608,32.65100047193897
133897,38,F,High School,Married,Less than $40k,32400.0,2020-06-30,7,8700,0.1707238845772356,742.0,0,0,1,0,0.0,0.0,0,29.705955916439,0,0.0,0,29.705955916439,0.05,0.05853619422886178,86.94368026393394,-46.6229311274391,76.3288870438781,187.45506324234418,76.3288870438781
133897,38,F,High School,Married,Less than $40k,32400.0,2020-07-31,8,8700,0.18224093693491844,741.0,0,0,1,0,0.0,0.0,0,31.70992302667581,0,0.0,0,31.70992302667581,0.05,0.059112046846745925,93.72192277297839,6.778242509044446,24.931680517631364,212.38674375997556,24.931680517631378
133897,38,F,High School,Married,Less than $40k,32400.0,2020-08-31,9,8700,0.22772470340841777,739.0,0,0,1,0,0.0,0.0,0,39.62409839306469,0,0.0,0,39.62409839306469,0.05,0.06138623517042089,121.61871111862828,27.896788345649895,11.727310047414797,224.11405380739035,11.72731004741479
133897,38,F,High School,Married,Less than $40k,32400.0,2020-09-30,10,8700,0.18175949226499777,741.0,0,0,1,0,0.0,0.0,0,31.626151654109613,0,0.0,0,31.626151654109613,0.05,0.05908797461324989,93.43626230264098,-28.1824488159873,59.80860047009691,283.92265427748725,59.808600470096906
133897,38,F,High School,Married,Less than $40k,32400.0,2020-10-31,11,8700,0.20654983452853473,740.0,0,0,1,0,0.0,0.0,0,35.93967120796504,0,0.0,0,35.93967120796504,0.05,0.06032749172642674,108.40751087245043,14.971248569809447,20.968422638155594,304.8910769156428,20.968422638155573
133897,38,F,High School,Married,Less than $40k,32400.0,2020-11-30,12,8700,0.2110449345398366,740.0,0,0,1,0,0.0,0.0,0,36.72181860993157,0,0.0,100,136.72181860993157,0.05,0.06055224672699183,111.17943103662084,2.7719201641704103,133.94989844576116,438.840975361404,133.94989844576116
133897,38,F,High School,Married,Less than $40k,32400.0,2020-12-31,13,8700,0.20940239761492238,740.0,0,0,0,0,0.0,0.0,0,36.436017184996494,0,0.0,0,36.436017184996494,0.05,0.060470119880746125,110.16451635768321,-1.0149146789376289,37.45093186393412,476.2919072253381,37.4509318639341
133897,39,F,High School,Married,Less than $40k,32400.0,2021-01-31,14,8700,0.20448242305799605,740.0,0,0,0,0,0.0,0.0,0,35.57994161209131,0,0.0,0,35.57994161209131,0.05,0.06022412115289981,107.13853571298444,-3.0259806446987767,38.60592225679009,514.8978294821281,38.60592225679005
133897,39,F,High School,Married,Less than $40k,32400.0,2021-02-28,15,8700,0.17743216833303682,741.0,0,0,0,0,0.0,0.0,0,30.873197289948408,0,0.0,0,30.873197289948408,0.05,0.058871608416651844,90.87773907119399,-16.26079664179045,47.13399393173886,562.031823413867,47.133993931738814
133897,39,F,High School,Married,Less than $40k,32400.0,2021-03-31,16,8700,0.19965432606429223,741.0,0,0,0,0,0.0,0.0,0,34.739852735186844,0,0.0,0,34.739852735186844,0.05,0.05998271630321461,104.18953655150834,13.311797480314354,21.42805525487249,583.4598786687394,21.428055254872447
133897,39,F,High School,Married,Less than $40k,32400.0,2021-04-30,17,8700,0.1883202775163527,741.0,0,0,0,0,0.0,0.0,0,32.767728287845365,0,0.0,0,32.767728287845365,0.05,0.05941601387581764,97.34638993148212,-6.843146620026218,39.61087490787158,623.070753576611,39.61087490787156
133897,39,F,High School,Married,Less than $40k,32400.0,2021-05-31,18,8700,0.17502789577494132,741.0,0,0,0,0,0.0,0.0,0,30.454853864839787,0,0.0,0,30.454853864839787,0.05,0.058751394788747066,89.46325713234009,-7.883132799142032,38.33798666398182,661.4087402405928,38.33798666398184
133897,39,F,High School,Married,Less than $40k,32400.0,2021-06-30,19,8700,0.2427064984205003,739.0,0,0,0,0,0.0,0.0,0,42.230930725167056,0,0.0,0,42.230930725167056,0.05,0.06213532492102502,131.20163011627767,41.73837298393758,0.4925577412294757,661.9012979818223,0.4925577412294615
133897,39,F,High School,Married,Less than $40k,32400.0,2021-07-31,20,8700,0.1867325166981874,741.0,0,0,0,0,0.0,0.0,0,32.49145790548461,0,0.0,0,32.49145790548461,0.05,0.059336625834909375,96.39667402842244,-34.80495608785523,67.29641399333984,729.1977119751621,67.2964139933398
133897,39,F,High School,Married,Less than $40k,32400.0,2021-08-31,21,8700,0.22887748189506604,739.0,0,0,0,0,0.0,0.0,0,39.824681849741495,0,0.0,0,39.824681849741495,0.05,0.061443874094753305,122.34913687195616,25.952462843533723,13.872219006207771,743.0699309813698,13.872219006207729
133897,39,F,High School,Married,Less than $40k,32400.0,2021-09-30,22,8700,0.1757075082048754,741.0,0,0,0,0,0.0,0.0,0,30.573106427648323,0,0.0,0,30.573106427648323,0.05,0.05878537541024377,89.86257694033218,-32.48655993162399,63.05966635927231,806.1295973406421,63.05966635927234
133897,39,F,High School,Married,Less than $40k,32400.0,2021-10-31,23,8700,0.2343062446813991,739.0,0,0,0,0,0.0,0.0,0,40.769286574563445,0,0.0,0,40.769286574563445,0.05,0.06171531223406996,125.80446252547297,35.941885585140795,4.8274009894226495,810.9569983300648,4.827400989422699
133897,39,F,High School,Married,Less than $40k,32400.0,2021-11-30,24,8700,0.22794679578903815,739.0,0,0,0,0,0.0,0.0,0,39.66274246729264,0,0.0,100,139.66274246729265,0.05,0.06139733978945191,121.7593438122945,-4.045118713178468,143.70786118047113,954.664859510536,143.70786118047113
133897,39,F,High School,Married,Less than $40k,32400.0,2021-12-31,25,8700,0.24871294721391624,739.0,0,0,0,0,0.0,0.0,0,43.276052815221426,0,0.0,0,43.276052815221426,0.05,0.06243564736069582,135.09841863670064,13.33907482440614,29.936977990815286,984.6018375013513,29.936977990815308
133897,40,F,High School,Married,Less than $40k,32400.0,2022-01-31,26,8700,0.23387938206499387,739.0,0,0,0,0,0.0,0.0,0,40.695012479308936,0,0.0,0,40.695012479308936,0.05,0.061693969103249695,125.53184212774231,-9.566576508958335,50.26158898826727,1034.8634264896186,50.26158898826736
133897,40,F,High School,Married,Less than $40k,32400.0,2022-02-28,27,8700,0.20153969957513065,740.0,0,0,0,0,0.0,0.0,0,35.06790772607274,0,0.0,0,35.06790772607274,0.05,0.060076984978756534,105.33870828478459,-20.19313384295772,55.26104156903046,1090.1244680586492,55.26104156903057
133897,40,F,High School,Divorced,Less than $40k,32400.0,2022-03-31,28,8700,0.13641393033295704,740.0,0,0,1,0,0.0,0.0,0,23.736023877934528,0,0.0,0,23.736023877934528,0.05,0.05682069651664785,67.43487046400122,-37.903837820783366,61.639861698717894,1151.764329757367,61.63986169871782
133897,40,F,High School,Divorced,Less than $40k,32400.0,2022-04-30,29,8700,0.16077099976830794,740.0,0,0,1,0,0.0,0.0,0,27.974153959685584,0,0.0,0,27.974153959685584,0.05,0.0580385499884154,81.17896664864202,13.744096184640796,14.230057775044788,1165.9943875324118,14.23005777504477
133897,40,F,High School,Divorced,Less than $40k,32400.0,2022-05-31,30,8700,0.17889448989922255,740.0,0,0,1,0,0.0,0.0,0,31.127641242464726,0,0.0,0,31.127641242464726,0.05,0.05894472449496113,91.74051186075363,10.56154521211161,20.566096030353116,1186.5604835627648,20.566096030353037
133897,40,F,High School,Divorced,Less than $40k,32400.0,2022-06-30,31,8700,0.19664345834684083,740.0,0,0,1,0,0.0,0.0,0,34.2159617523503,0,0.0,0,34.2159617523503,0.05,0.059832172917342046,102.36076700498926,10.620255144235628,23.595706608114675,1210.1561901708794,23.595706608114597
133897,40,F,High School,Divorced,Less than $40k,32400.0,2022-07-31,32,8700,0.22446812172724712,740.0,0,0,1,0,1659.9417601729924,1659.9417601729924,1,39.057453180540996,0,34.042638931547785,0,73.10009211208879,0.05,0.061223406086362356,119.56151583856733,17.200748833578075,55.89934327851071,1266.0555334493902,55.89934327851074
133897,40,F,High School,Divorced,Less than $40k,32400.0,2022-08-31,33,8700,0.5722869013393095,706.0,0,0,1,1,4232.061635404194,4232.061635404194,1,99.57792083303984,30,0.0,0,129.57792083303985,0.15,0.17861434506696547,889.3022556361775,769.7407397976102,-640.1628189645703,625.8927144848199,-640.1628189645703
133897,40,F,High School,Divorced,Less than $40k,32400.0,2022-09-30,34,8700,0.6366876670906964,688.0,0,0,1,2,4708.3052981357,4708.3052981357,1,8.745517271258715,30,0.0,0,38.74551727125871,0.4,0.43183438335453483,2392.0095471356694,1502.707291499492,-1463.9617742282333,-838.0690597434134,-1463.9617742282333
133897,40,F,High School,Divorced,Less than $40k,32400.0,2022-10-31,35,8700,0.7096081710594351,670.0,0,0,1,3,5247.552424984522,5247.552424984522,1,9.98026395699181,30,0.0,0,39.980263956991806,0.65,0.6854804085529718,4231.875741390033,1839.8661942543636,-1799.8859302973717,-2637.954990040785,-1799.8859302973717
133897,40,F,High School,Divorced,Less than $40k,32400.0,2022-11-30,36,8700,0.7755980693894159,660.0,0,0,1,4,5247.552424984522,5247.552424984522,1,0.0,0,0.0,100,100.0,0.72,0.7587799034694708,5120.021585534957,888.145844144924,-788.145844144924,-3426.100834185709,-788.145844144924
133897,40,F,High School,Divorced,Less than $40k,32400.0,2022-12-31,37,8700,0.8531496274069326,642.0,0,0,1,5,5247.552424984522,5247.552424984522,1,0.0,0,0.0,0,0.0,0.8,0.8426574813703467,6254.542371486146,1134.5207859511893,-1134.5207859511893,-4560.621620136899,-1134.5207859511897
133897,41,F,High School,Divorced,Less than $40k,32400.0,2023-01-31,38,8700,0.9184343875063302,624.0,0,0,1,6,5247.552424984522,5247.552424984522,1,0.0,0,0.0,0,0.0,0.84,0.8859217193753165,7078.8504539033065,824.3080824171602,-824.3080824171602,-5384.929702554059,-824.3080824171602
133897,41,F,High School,Divorced,Less than $40k,32400.0,2023-02-28,39,8700,0.9867040803301835,614.0,0,0,1,7,5247.552424984522,5247.552424984522,1,0.0,0,0.0,0,0.0,0.86,0.9,7725.892948985337,647.0424950820307,-647.0424950820307,-6031.97219763609,-647.0424950820307
133898,37,F,High School,Married,Less than $40k,32400.0,2019-12-31,1,8400,0.2098152890521507,740.0,0,0,1,0,0.0,0.0,0,35.24896856076131,0,0.0,0,35.24896856076131,0.05,0.06049076445260754,106.61185272031906,106.61185272031906,-71.36288415955775,-71.36288415955775,-71.36288415955775
133898,38,F,High School,Married,Less than $40k,32400.0,2020-01-31,2,8400,0.20613805252579145,740.0,0,0,1,0,0.0,0.0,0,34.63119282433296,0,0.0,0,34.63119282433296,0.05,0.06030690262628958,104.42499867446533,-2.1868540458537353,36.8180468701867,-34.54483728937105,36.8180468701867
133898,38,F,High School,Married,Less than $40k,32400.0,2020-02-29,3,8400,0.2298397442639435,739.0,0,0,1,0,0.0,0.0,0,38.61307703634251,0,0.0,0,38.61307703634251,0.05,0.06149198721319718,118.71974196904856,14.294743294583228,24.318333741759282,-10.22650354761177,24.318333741759282
133898,38,F,High School,Married,Less than $40k,32400.0,2020-03-31,4,8400,0.17866820701560696,741.0,0,0,1,0,0.0,0.0,0,30.016258778621967,0,0.0,0,30.016258778621967,0.05,0.058933410350780355,88.44802478978708,-30.271717179261472,60.28797595788344,50.06147241027167,60.28797595788344
133898,38,F,High School,Married,Less than $40k,32400.0,2020-04-30,5,8400,0.22219302865730545,740.0,0,0,1,0,0.0,0.0,0,37.32842881442732,0,0.0,0,37.32842881442732,0.05,0.06110965143286527,114.05636366930887,25.60833887952178,11.720089934905538,61.78156234517721,11.720089934905538
133898,38,F,High School,Married,Less than $40k,32400.0,2020-05-31,6,8400,0.22486166830833543,740.0,0,0,1,0,0.0,0.0,0,37.776760275800356,0,0.0,0,37.776760275800356,0.05,0.061243083415416774,115.6782640367522,1.621900367443331,36.154859908357025,97.93642225353423,36.154859908357025
133898,38,F,High School,Married,Less than $40k,32400.0,2020-06-30,7,8400,0.2251347503748608,739.0,0,0,1,0,0.0,0.0,0,37.822638062976615,0,0.0,0,37.822638062976615,0.05,0.06125673751874304,115.8445706045089,0.16630656775670616,37.65633149521991,135.59275374875415,37.656331495219916
133898,38,F,High School,Married,Less than $40k,32400.0,2020-07-31,8,8400,0.19831660692216693,741.0,0,0,1,0,0.0,0.0,0,33.31718996292405,0,0.0,0,33.31718996292405,0.05,0.059915830346108354,99.81135507138106,-16.033215533127844,49.35040549605189,184.94315924480605,49.350405496051906
133898,38,F,High School,Married,Less than $40k,32400.0,2020-08-31,9,8400,0.19233775634531966,741.0,0,0,1,0,0.0,0.0,0,32.3127430660137,0,0.0,0,32.3127430660137,0.05,0.059616887817265984,96.31925892173392,-3.492096149647139,35.80483921566084,220.7479984604669,35.80483921566085
133898,38,F,High School,Married,Less than $40k,32400.0,2020-09-30,10,8400,0.23188451033910557,739.0,0,0,1,0,0.0,0.0,0,38.956597736969734,0,0.0,0,38.956597736969734,0.05,0.06159422551695528,119.97507331921119,23.655814397477272,15.300783339492462,236.04878179995936,15.300783339492455
133898,38,F,High School,Married,Less than $40k,32400.0,2020-10-31,11,8400,0.2009530036206573,740.0,0,0,1,0,0.0,0.0,0,33.760104608270424,0,0.0,0,33.760104608270424,0.05,0.06004765018103287,101.36074757962491,-18.614325739586278,52.3744303478567,288.42321214781606,52.3744303478567
133898,38,F,High School,Married,Less than $40k,32400.0,2020-11-30,12,8400,0.2318905573945826,739.0,0,0,1,0,0.0,0.0,0,38.95761364228988,0,0.0,100,138.95761364228989,0.05,0.06159452786972913,119.9787909614082,18.61804338178328,120.3395702605066,408.76278240832266,120.3395702605066
133898,38,F,High School,Married,Less than $40k,32400.0,2020-12-31,13,8400,0.22010022055585243,740.0,0,0,0,0,0.0,0.0,0,36.976837053383214,0,0.0,0,36.976837053383214,0.05,0.06100501102779263,112.78861761072669,-7.190173350681505,44.16701040406472,452.9297928123874,44.16701040406474
133898,39,F,High School,Married,Less than $40k,32400.0,2021-01-31,14,8400,0.23667389098244876,739.0,0,0,0,0,0.0,0.0,0,39.761213685051395,0,0.0,0,39.761213685051395,0.05,0.061833694549122444,122.92913709519274,10.140519484466054,29.62069420058534,482.5504870129727,29.62069420058532
133898,39,F,High School,Married,Less than $40k,32400.0,2021-02-28,15,8400,0.20871613130029332,740.0,0,0,0,0,0.0,0.0,0,35.06431005844928,0,0.0,0,35.06431005844928,0.05,0.06043580656501467,105.95699300140694,-16.9721440937858,52.03645415223508,534.5869411652078,52.03645415223508
133898,39,F,High School,Married,Less than $40k,32400.0,2021-03-31,16,8400,0.17899817598230197,741.0,0,0,0,0,0.0,0.0,0,30.07169356502673,0,0.0,0,30.07169356502673,0.05,0.0589499087991151,88.63617965466312,-17.32081334674382,47.39250691177055,581.9794480769783,47.39250691177051
133898,39,F,High School,Married,Less than $40k,32400.0,2021-04-30,17,8400,0.24451312614228632,739.0,0,0,0,0,0.0,0.0,0,41.0782051919041,0,0.0,0,41.0782051919041,0.05,0.06222565630711432,127.80591389922716,39.16973424456404,1.9084709473400565,583.8879190243184,1.9084709473401062
133898,39,F,High School,Married,Less than $40k,32400.0,2021-05-31,18,8400,0.17247133640131723,742.0,0,0,0,0,0.0,0.0,0,28.975184515421297,0,0.0,0,28.975184515421297,0.05,0.058623566820065864,84.9314332781769,-42.87448062105027,71.84966513647157,655.73758416079,71.84966513647157
133898,39,F,High School,Married,Less than $40k,32400.0,2021-06-30,19,8400,0.24302520533113367,739.0,0,0,0,0,0.0,0.0,0,40.82823449563046,0,0.0,0,40.82823449563046,0.05,0.062151260266556686,126.87631141809682,41.94487813991992,-1.1166436442894607,654.6209405165006,-1.116643644289411
133898,39,F,High School,Married,Less than $40k,32400.0,2021-07-31,20,8400,0.20515008883848118,740.0,0,0,0,0,0.0,0.0,0,34.46521492486484,0,0.0,0,34.46521492486484,0.05,0.06025750444192406,103.83939207134553,-23.03691934675129,57.50213427161613,712.1230747881167,57.502134271616114
133898,39,F,High School,Married,Less than $40k,32400.0,2021-08-31,21,8400,0.21668878609434333,740.0,0,0,0,0,0.0,0.0,0,36.40371606384968,0,0.0,0,36.40371606384968,0.05,0.06083443930471717,110.72998276762104,6.89059069627551,29.51312536757417,741.6362001556909,29.513125367574162
133898,39,F,High School,Married,Less than $40k,32400.0,2021-09-30,22,8400,0.19298276954810833,741.0,0,0,0,0,0.0,0.0,0,32.4211052840822,0,0.0,0,32.4211052840822,0.05,0.05964913847740542,96.69454993403798,-14.035432833583059,46.45653811766526,788.0927382733561,46.45653811766522
133898,39,F,High School,Married,Less than $40k,32400.0,2021-10-31,23,8400,0.2082231640708237,740.0,0,0,0,0,0.0,0.0,0,34.98149156389838,0,0.0,0,34.98149156389838,0.05,0.06041115820354119,105.66362105312534,8.96907111908736,26.01242044481102,814.1051587181671,26.012420444811028
133898,39,F,High School,Married,Less than $40k,32400.0,2021-11-30,24,8400,0.23772472596655547,739.0,0,0,0,0,0.0,0.0,0,39.93775396238132,0,0.0,100,139.93775396238132,0.05,0.061886236298327776,123.57986394702034,17.916242893895003,122.02151106848632,936.1266697866535,122.02151106848635
133898,39,F,High School,Married,Less than $40k,32400.0,2021-12-31,25,8400,0.19945611670354946,741.0,0,0,0,0,0.0,0.0,0,33.50862760619631,0,0.0,0,33.50862760619631,0.05,0.05997280583517747,100.48032086148395,-23.099543085536396,56.60817069173271,992.7348404783861,56.60817069173265
133898,40,F,High School,Married,Less than $40k,32400.0,2022-01-31,26,8400,0.18705267497105244,741.0,0,0,0,0,0.0,0.0,0,31.424849395136807,0,0.0,0,31.424849395136807,0.05,0.059352633748552625,93.25737883764903,-7.222942023834918,38.64779141897172,1031.382631897358,38.64779141897179
133898,40,F,High School,Married,Less than $40k,32400.0,2022-02-28,27,8400,0.20212332598241534,740.0,0,0,0,0,0.0,0.0,0,33.95671876504578,0,0.0,0,33.95671876504578,0.05,0.06010616629912077,102.05040925321582,8.79303041556679,25.16368834947899,1056.5463202468368,25.16368834947889
133898,40,F,High School,Divorced,Less than $40k,32400.0,2022-03-31,28,8400,0.13854678083714767,740.0,0,0,1,0,0.0,0.0,0,23.27585918064081,0,0.0,0,23.27585918064081,0.05,0.056927339041857386,66.25163635334341,-35.798772899872404,59.07463208051321,1115.62095232735,59.07463208051331
133898,40,F,High School,Divorced,Less than $40k,32400.0,2022-04-30,29,8400,0.16213791471015698,740.0,0,0,1,0,0.0,0.0,0,27.23916967130637,0,0.0,0,27.23916967130637,0.05,0.058106895735507855,79.13917960062037,12.887543247276952,14.35162642402942,1129.9725787513796,14.351626424029519
133898,40,F,High School,Divorced,Less than $40k,32400.0,2022-05-31,30,8400,0.1786436223900203,740.0,0,0,1,0,0.0,0.0,0,30.01212856152341,0,0.0,0,30.01212856152341,0.05,0.05893218111950102,88.43400980847235,9.294830207851987,20.717298353671424,1150.689877105051,20.717298353671367
133898,40,F,High School,Divorced,Less than $40k,32400.0,2022-06-30,31,8400,0.2012462635721194,740.0,0,0,1,0,0.0,0.0,0,33.80937228011606,0,0.0,0,33.80937228011606,0.05,0.06006231317860597,101.5334553130205,13.099445504548143,20.709926775567915,1171.399803880619,20.709926775567965
133898,40,F,High School,Divorced,Less than $40k,32400.0,2022-07-31,32,8400,0.21697707862852889,740.0,0,0,1,0,1549.2163414076963,1549.2163414076963,1,36.452149209592854,0,31.77184513503617,0,68.22399434462902,0.05,0.060848853931426444,110.90357513705388,9.370119824033381,58.85387452059564,1230.2536784012145,58.85387452059558
133898,40,F,High School,Divorced,Less than $40k,32400.0,2022-08-31,33,8400,0.570111589226485,706.0,0,0,1,1,4070.596747077103,4070.596747077103,1,95.77874699004948,30,0.0,0,125.77874699004948,0.15,0.17850557946132425,854.8520365769174,743.9484614398635,-618.169714449814,612.0839639514005,-618.169714449814
133898,40,F,High School,Divorced,Less than $40k,32400.0,2022-09-30,34,8400,0.6404588498830176,688.0,0,0,1,2,4572.876188164746,4572.876188164746,1,9.25576843738287,30,0.0,0,39.25576843738287,0.4,0.4320229424941509,2324.2205017322,1469.3684651552826,-1430.1126967178998,-818.0287327664993,-1430.1126967178998
133898,40,F,High School,Divorced,Less than $40k,32400.0,2022-10-31,35,8400,0.7075315602630065,670.0,0,0,1,3,5051.775340277866,5051.775340277866,1,8.797559754301275,30,0.0,0,38.797559754301275,0.65,0.6853765780131503,4073.374700718661,1749.1541989864613,-1710.35663923216,-2528.385371998659,-1710.35663923216
133898,40,F,High School,Divorced,Less than $40k,32400.0,2022-11-30,36,8400,0.781700806367429,660.0,0,0,1,4,5051.775340277866,5051.775340277866,1,0.0,0,0.0,100,100.0,0.72,0.7590850403183714,4984.370060193916,910.9953594752551,-810.9953594752551,-3339.3807314739142,-810.9953594752551
133898,40,F,High School,Divorced,Less than $40k,32400.0,2022-12-31,37,8400,0.850463478034537,642.0,0,0,1,5,5051.775340277866,5051.775340277866,1,0.0,0,0.0,0,0.0,0.8,0.8425231739017269,6018.895585929742,1034.5255257358258,-1034.5255257358258,-4373.90625720974,-1034.5255257358258
133898,41,F,High School,Divorced,Less than $40k,32400.0,2023-01-31,38,8400,0.9155132550238811,624.0,0,0,1,6,5051.775340277866,5051.775340277866,1,0.0,0,0.0,0,0.0,0.84,0.885775662751194,6811.890625900763,792.9950399710206,-792.9950399710206,-5166.901297180761,-792.9950399710206
133898,41,F,High School,Divorced,Less than $40k,32400.0,2023-02-28,39,8400,0.9926203376576667,614.0,0,0,1,7,5051.775340277866,5051.775340277866,1,0.0,0,0.0,0,0.0,0.86,0.9,7504.20975269196,692.319126791197,-692.319126791197,-5859.220423971958,-692.319126791197
133899,37,F,High School,Married,Less than $40k,32400.0,2019-12-31,1,8900,0.24910270118748704,739.0,0,0,1,0,0.0,0.0,0,44.34028081137269,0,0.0,0,44.34028081137269,0.05,0.062455135059374355,138.46391133224333,138.46391133224333,-94.12363052087063,-94.12363052087063,-94.12363052087063
133899,38,F,High School,Married,Less than $40k,32400.0,2020-01-31,2,8900,0.1819431349515712,741.0,0,0,1,0,0.0,0.0,0,32.385878021379675,0,0.0,0,32.385878021379675,0.05,0.059097156747578566,95.6956654918717,-42.768245840371634,75.15412386175132,-18.969506659119318,75.15412386175132
133899,38,F,High School,Married,Less than $40k,32400.0,2020-02-29,3,8900,0.22740814301720577,739.0,0,0,1,0,0.0,0.0,0,40.47864945706263,0,0.0,0,40.47864945706263,0.05,0.06137040715086029,124.20955990484417,28.513894412972476,11.964755044090154,-7.004751615029164,11.964755044090154
133899,38,F,High School,Married,Less than $40k,32400.0,2020-03-31,4,8900,0.2057020818675866,740.0,0,0,1,0,0.0,0.0,0,36.614970572430416,0,0.0,0,36.614970572430416,0.05,0.06028510409337933,110.36686561674942,-13.842694288094748,50.45766486052516,43.452913245496,50.45766486052516
133899,38,F,High School,Married,Less than $40k,32400.0,2020-04-30,5,8900,0.21854274312074803,740.0,0,0,1,0,0.0,0.0,0,38.90060827549315,0,0.0,0,38.90060827549315,0.05,0.060927137156037404,118.50513479271274,8.138269175963316,30.762339099529832,74.21525234502583,30.762339099529832
133899,38,F,High School,Married,Less than $40k,32400.0,2020-05-31,6,8900,0.24036781926681636,739.0,0,0,1,0,0.0,0.0,0,42.78547182949331,0,0.0,0,42.78547182949331,0.05,0.06201839096334082,132.67430597362608,14.169171180913338,28.616300648579973,102.83155299360581,28.61630064857998
133899,38,F,High School,Married,Less than $40k,32400.0,2020-06-30,7,8900,0.23131524315494256,739.0,0,0,1,0,0.0,0.0,0,41.17411328157978,0,0.0,0,41.17411328157978,0.05,0.06156576215774713,126.74578326749388,-5.928522706132199,47.10263598771198,149.9341889813178,47.10263598771198
133899,38,F,High School,Married,Less than $40k,32400.0,2020-07-31,8,8900,0.23075826340489286,739.0,0,0,1,0,0.0,0.0,0,41.074970886070936,0,0.0,0,41.074970886070936,0.05,0.061537913170244644,126.38339959286797,-0.36238367462590304,41.43735456069684,191.37154354201462,41.43735456069683
133899,38,F,High School,Married,Less than $40k,32400.0,2020-08-31,9,8900,0.21448186486823484,740.0,0,0,1,0,0.0,0.0,0,38.1777719465458,0,0.0,0,38.1777719465458,0.05,0.06072409324341174,115.91552917538782,-10.467870417480157,48.64564236402596,240.0171859060406,48.645642364025974
133899,38,F,High School,Married,Less than $40k,32400.0,2020-09-30,10,8900,0.2294190238713661,739.0,0,0,1,0,0.0,0.0,0,40.83658624910316,0,0.0,0,40.83658624910316,0.05,0.06147095119356831,125.51319001152817,9.59766083614035,31.238925412962814,271.2561113190034,31.23892541296283
133899,38,F,High School,Married,Less than $40k,32400.0,2020-10-31,11,8900,0.19995039819631863,741.0,0,0,1,0,0.0,0.0,0,35.591170878944716,0,0.0,0,35.591170878944716,0.05,0.05999751990981594,106.76909917115734,-18.74409084037083,54.33526171931555,325.591373038319,54.335261719315554
133899,38,F,High School,Married,Less than $40k,32400.0,2020-11-30,12,8900,0.22462332130526785,740.0,0,0,1,0,0.0,0.0,0,39.98295119233768,0,0.0,100,139.98295119233768,0.05,0.061231166065263395,122.41013621186747,15.641037040710131,124.34191415162755,449.93328718994655,124.34191415162758
133899,38,F,High School,Married,Less than $40k,32400.0,2020-12-31,13,8900,0.22154757035028033,740.0,0,0,0,0,0.0,0.0,0,39.4354675223499,0,0.0,0,39.4354675223499,0.05,0.06107737851751402,120.43074884388479,-1.9793873679826817,41.414854890332585,491.34814208027916,41.414854890332606
133899,39,F,High School,Married,Less than $40k,32400.0,2021-01-31,14,8900,0.2472716695804848,739.0,0,0,0,0,0.0,0.0,0,44.0143571853263,0,0.0,0,44.0143571853263,0.05,0.062363583479024244,137.24465193013435,16.813903086249567,27.20045409907673,518.5485961793559,27.200454099076694
133899,39,F,High School,Married,Less than $40k,32400.0,2021-02-28,15,8900,0.23472111326246392,739.0,0,0,0,0,0.0,0.0,0,41.78035816071858,0,0.0,0,41.78035816071858,0.05,0.0617360556631232,128.96772585176728,-8.276926078367069,50.05728423908565,568.6058804184415,50.057284239085675
133899,39,F,High School,Married,Less than $40k,32400.0,2021-03-31,16,8900,0.24990466910030734,739.0,0,0,0,0,0.0,0.0,0,44.483031099854706,0,0.0,0,44.483031099854706,0.05,0.06249523345501537,138.99887066860646,10.031144816839173,34.45188628301553,603.057766701457,34.45188628301548
133899,39,F,High School,Married,Less than $40k,32400.0,2021-04-30,17,8900,0.17808321955649853,741.0,0,0,0,0,0.0,0.0,0,31.698813081056738,0,0.0,0,31.698813081056738,0.05,0.05890416097782493,93.35959942662743,-45.63927124197903,77.33808432303577,680.3958510244928,77.33808432303579
133899,39,F,High School,Married,Less than $40k,32400.0,2021-05-31,18,8900,0.17839359322320153,741.0,0,0,0,0,0.0,0.0,0,31.75405959372987,0,0.0,0,31.75405959372987,0.05,0.05891967966116008,93.54695096019755,0.1873515335701228,31.566708060159748,711.9625590846525,31.566708060159726
133899,39,F,High School,Married,Less than $40k,32400.0,2021-06-30,19,8900,0.24567964058809594,739.0,0,0,0,0,0.0,0.0,0,43.73097602468108,0,0.0,0,43.73097602468108,0.05,0.0622839820294048,136.18696624247843,42.640015282280885,1.090960742400192,713.0535198270527,1.0909607424001706
133899,39,F,High School,Married,Less than $40k,32400.0,2021-07-31,20,8900,0.21462450812916026,740.0,0,0,0,0,0.0,0.0,0,38.203162446990525,0,0.0,0,38.203162446990525,0.05,0.06073122540645802,116.0062434903857,-20.180722752092734,58.38388519908326,771.4374050261359,58.38388519908324
133899,39,F,High School,Married,Less than $40k,32400.0,2021-08-31,21,8900,0.23962282525270512,739.0,0,0,0,0,0.0,0.0,0,42.65286289498151,0,0.0,0,42.65286289498151,0.05,0.06198114126263526,132.18365601748314,16.177412527097445,26.475450367884065,797.91285539402,26.475450367884036
133899,39,F,High School,Married,Less than $40k,32400.0,2021-09-30,22,8900,0.18058303780603666,741.0,0,0,0,0,0.0,0.0,0,32.14378072947453,0,0.0,0,32.14378072947453,0.05,0.059029151890301834,94.87100575043543,-37.312650267047715,69.45643099652224,867.3692863905422,69.45643099652227
133899,39,F,High School,Married,Less than $40k,32400.0,2021-10-31,23,8900,0.22009698428481106,740.0,0,0,0,0,0.0,0.0,0,39.177263202696366,0,0.0,0,39.177263202696366,0.05,0.061004849214240556,119.50015171535536,24.62914596491993,14.548117237776438,881.9174036283187,14.54811723777641
133899,39,F,High School,Married,Less than $40k,32400.0,2021-11-30,24,8900,0.21575996509459877,740.0,0,0,0,0,0.0,0.0,0,38.40527378683858,0,0.0,100,138.40527378683856,0.05,0.06078799825472994,116.72898579633846,-2.7711659190168945,141.17643970585544,1023.0938433341742,141.1764397058555
133899,39,F,High School,Married,Less than $40k,32400.0,2021-12-31,25,8900,0.24233477187601415,739.0,0,0,0,0,0.0,0.0,0,43.13558939393052,0,0.0,0,43.13558939393052,0.05,0.06211673859380071,133.97210652361522,17.24312072727676,25.892468666653762,1048.9863120008279,25.892468666653713
133899,40,F,High School,Married,Less than $40k,32400.0,2022-01-31,26,8900,0.21623972020534593,740.0,0,0,0,0,0.0,0.0,0,38.49067019655158,0,0.0,0,38.49067019655158,0.05,0.0608119860102673,117.03470487592534,-16.93740164768988,55.42807184424146,1104.4143838450693,55.42807184424146
133899,40,F,High School,Married,Less than $40k,32400.0,2022-02-28,27,8900,0.19761719739152797,741.0,0,0,0,0,0.0,0.0,0,35.17586113569198,0,0.0,0,35.17586113569198,0.05,0.059880859869576405,105.3180405729025,-11.716664303022839,46.89252543871482,1151.306909283784,46.892525438714756
133899,40,F,High School,Divorced,Less than $40k,32400.0,2022-03-31,28,8900,0.14137477755690464,740.0,0,0,1,0,0.0,0.0,0,25.16471040512903,0,0.0,0,25.16471040512903,0.05,0.057068738877845235,71.80591435234517,-33.512126220557334,58.67683662568636,1209.9837459094704,58.67683662568629
133899,40,F,High School,Divorced,Less than $40k,32400.0,2022-04-30,29,8900,0.16425584905415774,740.0,0,0,1,0,0.0,0.0,0,29.23754113164008,0,0.0,0,29.23754113164008,0.05,0.05821279245270789,85.0999456861837,13.294031333838532,15.943509797801546,1225.927255707272,15.943509797801653
133899,40,F,High School,Divorced,Less than $40k,32400.0,2022-05-31,30,8900,0.1834650309083828,740.0,0,0,1,0,0.0,0.0,0,32.65677550169214,0,0.0,0,32.65677550169214,0.05,0.059173251545419144,96.62037957119551,11.520433885011812,21.136341616680326,1247.0635973239523,21.136341616680284
133899,40,F,High School,Divorced,Less than $40k,32400.0,2022-06-30,31,8900,0.20272123038501622,740.0,0,0,1,0,0.0,0.0,0,36.084379008532885,0,0.0,0,36.084379008532885,0.05,0.060136061519250814,108.49862179705482,11.87824222585931,24.206136782673575,1271.269734106626,24.20613678267364
133899,40,F,High School,Divorced,Less than $40k,32400.0,2022-07-31,32,8900,0.21684574203415535,740.0,0,0,1,0,1640.4380384883852,1640.4380384883852,1,38.59854208207965,0,33.6426501059993,0,72.24119218807895,0.05,0.06084228710170777,117.42117895326197,8.922557156207148,63.31863503187181,1334.5883691384977,63.318635031871736
133899,40,F,High School,Divorced,Less than $40k,32400.0,2022-08-31,33,8900,0.566755210528271,706.0,0,0,1,1,4287.5031676463705,4287.5031676463705,1,100.88242747403226,30,0.0,0,130.88242747403226,0.15,0.17833776052641354,899.5573096093623,782.1361306561002,-651.253703182068,683.3346659564297,-651.253703182068
133899,40,F,High School,Divorced,Less than $40k,32400.0,2022-09-30,34,8900,0.6397095360161617,688.0,0,0,1,2,4839.402639962263,4839.402639962263,1,10.228225586579738,30,0.0,0,40.22822558657974,0.4,0.4319854768008081,2459.4725374766913,1559.9152278673291,-1519.6870022807493,-836.3523363243196,-1519.6870022807493
133899,40,F,High School,Divorced,Less than $40k,32400.0,2022-10-31,35,8900,0.7111710588335326,670.0,0,0,1,3,5380.009060075674,5380.009060075674,1,10.006903489863607,30,0.0,0,40.0069034898636,0.65,0.6855585529416767,4339.189677692458,1879.7171402157664,-1839.7102367259029,-2676.0625730502225,-1839.7102367259029
133899,40,F,High School,Divorced,Less than $40k,32400.0,2022-11-30,36,8900,0.7843413088449382,660.0,0,0,1,4,5380.009060075674,5380.009060075674,1,0.0,0,0.0,100,100.0,0.72,0.7592170654422469,5299.819230576827,960.6295528843693,-860.6295528843693,-3536.692125934592,-860.6295528843693
133899,40,F,High School,Divorced,Less than $40k,32400.0,2022-12-31,37,8900,0.8538989416649523,642.0,0,0,1,5,5380.009060075674,5380.009060075674,1,0.0,0,0.0,0,0.0,0.8,0.8426949470832477,6404.2292788010145,1104.4100482241874,-1104.4100482241874,-4641.102174158779,-1104.4100482241874
133899,41,F,High School,Divorced,Less than $40k,32400.0,2023-01-31,38,8900,0.9221736618714345,624.0,0,0,1,6,5380.009060075674,5380.009060075674,1,0.0,0,0.0,0,0.0,0.84,0.8861086830935717,7272.600193029814,868.3709142287998,-868.3709142287998,-5509.473088387579,-868.3709142287998
133899,41,F,High School,Divorced,Less than $40k,32400.0,2023-02-28,39,8900,0.9858705170149881,614.0,0,0,1,7,5380.009060075674,5380.009060075674,1,0.0,0,0.0,0,0.0,0.86,0.9,7896.822841290054,624.22264826024,-624.22264826024,-6133.695736647819,-624.22264826024
133900,37,F,High School,Married,Less than $40k,32400.0,2019-12-31,1,7200,0.2010792025260779,740.0,0,0,1,0,0.0,0.0,0,28.955405163755216,0,0.0,0,28.955405163755216,0.05,0.0600539601263039,86.9443373572565,86.9443373572565,-57.988932193501284,-57.988932193501284,-57.988932193501284
133900,38,F,High School,Married,Less than $40k,32400.0,2020-01-31,2,7200,0.17284148610013844,742.0,0,0,1,0,0.0,0.0,0,24.88917399841994,0,0.0,0,24.88917399841994,0.05,0.058642074305006925,72.9776395502794,-13.966697806977095,38.85587180539703,-19.133060388104255,38.85587180539703
133900,38,F,High School,Married,Less than $40k,32400.0,2020-02-29,3,7200,0.2453920222737737,739.0,0,0,1,0,0.0,0.0,0,35.336451207423416,0,0.0,0,35.336451207423416,0.05,0.06226960111368869,110.01933607297894,37.04169652269954,-1.705245315276123,-20.838305703380378,-1.705245315276123
133900,38,F,High School,Married,Less than $40k,32400.0,2020-03-31,4,7200,0.2062645259314154,740.0,0,0,1,0,0.0,0.0,0,29.702091734123815,0,0.0,0,29.702091734123815,0.05,0.06031322629657077,89.5714490120857,-20.44788706089325,50.14997879501706,29.311673091636685,50.14997879501706
133900,38,F,High School,Married,Less than $40k,32400.0,2020-04-30,5,7200,0.18977022885606556,741.0,0,0,1,0,0.0,0.0,0,27.326912955273443,0,0.0,0,27.326912955273443,0.05,0.05948851144280328,81.28186870181366,-8.28958031027203,35.61649326554547,64.92816635718216,35.61649326554548
133900,38,F,High School,Married,Less than $40k,32400.0,2020-05-31,6,7200,0.23417030929504812,739.0,0,0,1,0,0.0,0.0,0,33.72052453848693,0,0.0,0,33.72052453848693,0.05,0.06170851546475241,104.04217549813919,22.760306796325523,10.960217742161404,75.88838409934357,10.960217742161404
133900,38,F,High School,Married,Less than $40k,32400.0,2020-06-30,7,7200,0.1836062469793111,741.0,0,0,1,0,0.0,0.0,0,26.439299565020804,0,0.0,0,26.439299565020804,0.05,0.05918031234896556,78.23430032729,-25.807875170849186,52.24717473586999,128.13555883521354,52.247174735869976
133900,38,F,High School,Married,Less than $40k,32400.0,2020-07-31,8,7200,0.23463556636033067,739.0,0,0,1,0,0.0,0.0,0,33.787521555887615,0,0.0,0,33.787521555887615,0.05,0.06173177831801654,104.28818953016298,26.05388920287298,7.7336323530146345,135.86919118822817,7.733632353014627
133900,38,F,High School,Married,Less than $40k,32400.0,2020-08-31,9,7200,0.19447911138999108,741.0,0,0,1,0,0.0,0.0,0,28.004992040158715,0,0.0,0,28.004992040158715,0.05,0.059723955569499554,83.62844501653139,-20.659744513631594,48.664736553790306,184.53392774201848,48.664736553790306
133900,38,F,High School,Married,Less than $40k,32400.0,2020-09-30,10,7200,0.21215669997615616,740.0,0,0,1,0,0.0,0.0,0,30.550564796566487,0,0.0,0,30.550564796566487,0.05,0.060607834998807814,92.58017951553441,8.951734499003024,21.598830297563463,206.13275803958194,21.598830297563467
133900,38,F,High School,Married,Less than $40k,32400.0,2020-10-31,11,7200,0.19112584707529884,741.0,0,0,1,0,0.0,0.0,0,27.522121978843035,0,0.0,0,27.522121978843035,0.05,0.059556292353764945,81.95577713839778,-10.624402377136633,38.146524355979665,244.2792823955616,38.146524355979665
133900,38,F,High School,Married,Less than $40k,32400.0,2020-11-30,12,7200,0.19354136016472784,741.0,0,0,1,0,0.0,0.0,0,27.869955863720808,0,0.0,100,127.8699558637208,0.05,0.0596770680082364,83.15986257329067,1.2040854348928889,126.66587042882792,370.94515282438954,126.66587042882793
133900,38,F,High School,Married,Less than $40k,32400.0,2020-12-31,13,7200,0.21848113334192432,740.0,0,0,0,0,0.0,0.0,0,31.4612832012371,0,0.0,0,31.4612832012371,0.05,0.060924056667096216,95.83745002858657,12.677587455295907,18.783695745941195,389.72884857033074,18.783695745941202
133900,39,F,High School,Married,Less than $40k,32400.0,2021-01-31,14,7200,0.21346918425476172,740.0,0,0,0,0,0.0,0.0,0,30.739562532685685,0,0.0,0,30.739562532685685,0.05,0.06067345921273809,93.25377967721586,-2.5836703513707135,33.323232884056395,423.0520814543871,33.32323288405638
133900,39,F,High School,Married,Less than $40k,32400.0,2021-02-28,15,7200,0.18660890805255625,741.0,0,0,0,0,0.0,0.0,0,26.871682759568102,0,0.0,0,26.871682759568102,0.05,0.059330445402627816,79.71544534216451,-13.538334335051346,40.41001709461945,463.46209854900656,40.410017094619434
133900,39,F,High School,Married,Less than $40k,32400.0,2021-03-31,16,7200,0.22612342300456825,739.0,0,0,0,0,0.0,0.0,0,32.56177291265783,0,0.0,0,32.56177291265783,0.05,0.06130617115022842,99.81188115691363,20.096435814749114,12.465337097908716,475.9274356469153,12.46533709790873
133900,39,F,High School,Married,Less than $40k,32400.0,2021-04-30,17,7200,0.23776196875794195,739.0,0,0,0,0,0.0,0.0,0,34.23772350114364,0,0.0,0,34.23772350114364,0.05,0.0618880984378971,105.94538011641404,6.133498959500415,28.104224541643227,504.03166018855853,28.104224541643248
133900,39,F,High School,Married,Less than $40k,32400.0,2021-05-31,18,7200,0.2356508528074053,739.0,0,0,0,0,0.0,0.0,0,33.93372280426637,0,0.0,0,33.93372280426637,0.05,0.06178254264037027,104.82558380505456,-1.1197963113594795,35.053519115625846,539.0851793041844,35.053519115625875
133900,39,F,High School,Married,Less than $40k,32400.0,2021-06-30,19,7200,0.219478597415512,740.0,0,0,0,0,0.0,0.0,0,31.60491802783373,0,0.0,0,31.60491802783373,0.05,0.0609739298707756,96.35380277003726,-8.471781035017301,40.076699062851034,579.1618783670355,40.07669906285105
133900,39,F,High School,Married,Less than $40k,32400.0,2021-07-31,20,7200,0.18843938927301543,741.0,0,0,0,0,0.0,0.0,0,27.13527205531422,0,0.0,0,27.13527205531422,0.05,0.059421969463650776,80.62156537293689,-15.732237397100377,42.867509452414595,622.02938781945,42.86750945241454
133900,39,F,High School,Married,Less than $40k,32400.0,2021-08-31,21,7200,0.19522956804595537,741.0,0,0,0,0,0.0,0.0,0,28.113057798617575,0,0.0,0,28.113057798617575,0.05,0.05976147840229777,84.00389482273165,3.382329449794767,24.730728348822808,646.7601161682728,24.730728348822822
133900,39,F,High School,Married,Less than $40k,32400.0,2021-09-30,22,7200,0.17393175980980186,742.0,0,0,0,0,0.0,0.0,0,25.046173412611466,0,0.0,0,25.046173412611466,0.05,0.058696587990490094,73.50624607692112,-10.497648745810537,35.543822158422,682.3039383266948,35.54382215842202
133900,39,F,High School,Married,Less than $40k,32400.0,2021-10-31,23,7200,0.18284743973219364,741.0,0,0,0,0,0.0,0.0,0,26.330031321435886,0,0.0,0,26.330031321435886,0.05,0.05914237198660968,77.86102534157226,4.3547792646511425,21.975252056784743,704.2791903834795,21.97525205678471
133900,39,F,High School,Married,Less than $40k,32400.0,2021-11-30,24,7200,0.17037129733742468,742.0,0,0,0,0,0.0,0.0,0,24.533466816589154,0,0.0,100,124.53346681658915,0.05,0.05851856486687124,71.78316346579027,-6.077861875781991,130.61132869237116,834.8905190758508,130.61132869237122
133900,39,F,High School,Married,Less than $40k,32400.0,2021-12-31,25,7200,0.24070452834768435,739.0,0,0,0,0,0.0,0.0,0,34.661452082066546,0,0.0,0,34.661452082066546,0.05,0.06203522641738422,107.5115513933156,35.72838792752533,-1.0669358454587865,833.8235832303919,-1.0669358454588291
133900,40,F,High School,Married,Less than $40k,32400.0,2022-01-31,26,7200,0.2401114074560919,739.0,0,0,0,0,0.0,0.0,0,34.576042673677236,0,0.0,0,34.576042673677236,0.05,0.0620055703728046,107.19536236078945,-0.3161890325261538,34.89223170620339,868.7158149365953,34.89223170620335
133900,40,F,High School,Married,Less than $40k,32400.0,2022-02-28,27,7200,0.19077751229345294,741.0,0,0,0,0,0.0,0.0,0,27.471961770257224,0,0.0,0,27.471961770257224,0.05,0.05953887561467265,81.78248573651935,-25.412876624270098,52.88483839452732,921.6006533311227,52.88483839452738
133900,40,F,High School,Divorced,Less than $40k,32400.0,2022-03-31,28,7200,0.13704188286171382,740.0,0,0,1,0,0.0,0.0,0,19.734031132086788,0,0.0,0,19.734031132086788,0.05,0.056852094143085695,56.09604978719911,-25.68643594932024,45.420467081407025,967.0211204125296,45.42046708140697
133900,40,F,High School,Divorced,Less than $40k,32400.0,2022-04-30,29,7200,0.16091360088502013,740.0,0,0,1,0,0.0,0.0,0,23.171558527442897,0,0.0,0,23.171558527442897,0.05,0.05804568004425101,67.25044362052932,11.154393833330218,12.01716469411268,979.0382851066423,12.017164694112694
133900,40,F,High School,Divorced,Less than $40k,32400.0,2022-05-31,30,7200,0.17658897190351977,740.0,0,0,1,0,0.0,0.0,0,25.428811954106845,0,0.0,0,25.428811954106845,0.05,0.05882944859517599,74.79814928452627,7.54770566399695,17.881106290109894,996.9193913967522,17.88110629010987
133900,40,F,High School,Divorced,Less than $40k,32400.0,2022-06-30,31,7200,0.20114012503168194,740.0,0,0,1,0,0.0,0.0,0,28.9641780045622,0,0.0,0,28.9641780045622,0.05,0.0600570062515841,86.97509097459933,12.17694169007305,16.78723631448915,1013.7066277112414,16.787236314489178
133900,40,F,High School,Divorced,Less than $40k,32400.0,2022-07-31,32,7200,0.22212517320574635,740.0,0,0,1,0,1359.4060600191676,1359.4060600191676,1,31.986024941627477,0,27.87915261422643,0,59.865177555853904,0.05,0.06110625866028732,97.72731567987451,10.752224705275182,49.11295285057872,1062.8195805618202,49.112952850578836
133900,40,F,High School,Divorced,Less than $40k,32400.0,2022-08-31,33,7200,0.5741836442539231,706.0,0,0,1,1,3514.0039028340093,3514.0039028340093,1,82.68244477256492,30,0.0,0,112.68244477256492,0.15,0.17870918221269616,738.8056044325746,641.0782887527,-528.395843980135,534.4237365816851,-528.395843980135
133900,40,F,High School,Divorced,Less than $40k,32400.0,2022-09-30,34,7200,0.6386176989833465,688.0,0,0,1,2,3908.3403177780806,3908.3403177780806,1,7.14029279416117,30,0.0,0,37.14029279416117,0.4,0.43193088494916737,1986.0386966357605,1247.233092203186,-1210.0927994090248,-675.6690628273396,-1210.0927994090248
133900,40,F,High School,Divorced,Less than $40k,32400.0,2022-10-31,35,7200,0.7097481784081329,670.0,0,0,1,3,4343.658851857773,4343.658851857773,1,7.943463484629892,30,0.0,0,37.943463484629895,0.65,0.6854874089204067,3502.968766581381,1516.9300699456203,-1478.9866064609903,-2154.65566928833,-1478.9866064609905
133900,40,F,High School,Divorced,Less than $40k,32400.0,2022-11-30,36,7200,0.7784799417794234,660.0,0,0,1,4,4343.658851857773,4343.658851857773,1,0.0,0,0.0,100,100.0,0.72,0.7589239970889712,4253.8111852955735,750.8424187141927,-650.8424187141927,-2805.4980880025228,-650.8424187141927
133900,40,F,High School,Divorced,Less than $40k,32400.0,2022-12-31,37,7200,0.8543314305415517,642.0,0,0,1,5,4343.658851857773,4343.658851857773,1,0.0,0,0.0,0,0.0,0.8,0.8427165715270777,5183.706629475361,929.8954441797878,-929.8954441797878,-3735.3935321823105,-929.8954441797878
133900,41,F,High School,Divorced,Less than $40k,32400.0,2023-01-31,38,7200,0.9163766138655812,624.0,0,0,1,6,4343.658851857773,4343.658851857773,1,0.0,0,0.0,0,0.0,0.84,0.885818830693279,5844.554356097345,660.8477266219834,-660.8477266219834,-4396.2412588042935,-660.8477266219829
133900,41,F,High School,Divorced,Less than $40k,32400.0,2023-02-28,39,7200,0.9941986617681471,614.0,0,0,1,7,4343.658851857773,4343.658851857773,1,0.0,0,0.0,0,0.0,0.86,0.9,6442.407328257593,597.8529721602481,-597.8529721602481,-4994.094230964542,-597.8529721602481
133901,37,F,High School,Married,Less than $40k,32400.0,2019-12-31,1,8200,0.24692309378134641,739.0,0,0,1,0,0.0,0.0,0,40.49538738014081,0,0.0,0,40.49538738014081,0.05,0.062346154689067325,126.23658428979819,126.23658428979819,-85.74119690965738,-85.74119690965738,-85.74119690965738
133901,38,F,High School,Married,Less than $40k,32400.0,2020-01-31,2,8200,0.20633197378384252,740.0,0,0,1,0,0.0,0.0,0,33.83844370055017,0,0.0,0,33.83844370055017,0.05,0.06031659868919213,102.05099144764532,-24.18559284215287,58.024036542703044,-27.71716036695433,58.024036542703044
133901,38,F,High School,Married,Less than $40k,32400.0,2020-02-29,3,8200,0.18699616859604146,741.0,0,0,1,0,0.0,0.0,0,30.667371649750798,0,0.0,0,30.667371649750798,0.05,0.05934980842980207,91.00513162291266,-11.04585982473266,41.71323147448346,13.996071107529126,41.71323147448346
133901,38,F,High School,Married,Less than $40k,32400.0,2020-03-31,4,8200,0.17969696004779265,741.0,0,0,1,0,0.0,0.0,0,29.470301447837997,0,0.0,0,29.470301447837997,0.05,0.05898484800238964,86.91506257426637,-4.090069048646285,33.56037049648428,47.55644160401341,33.56037049648428
133901,38,F,High School,Married,Less than $40k,32400.0,2020-04-30,5,8200,0.18892904377149836,741.0,0,0,1,0,0.0,0.0,0,30.984363178525733,0,0.0,0,30.984363178525733,0.05,0.05944645218857492,92.09552321428356,5.180460640017188,25.803902538508545,73.36034414252195,25.803902538508545
133901,38,F,High School,Married,Less than $40k,32400.0,2020-05-31,6,8200,0.18549298303333417,741.0,0,0,1,0,0.0,0.0,0,30.420849217466802,0,0.0,0,30.420849217466802,0.05,0.05927464915166671,90.15925821305498,-1.936265001228577,32.35711421869538,105.71745836121733,32.35711421869537
133901,38,F,High School,Married,Less than $40k,32400.0,2020-06-30,7,8200,0.22018589618645415,740.0,0,0,1,0,0.0,0.0,0,36.11048697457848,0,0.0,0,36.11048697457848,0.05,0.06100929480932271,110.15376727701332,19.994509063958333,16.115977910620146,121.83343627183747,16.115977910620146
133901,38,F,High School,Married,Less than $40k,32400.0,2020-07-31,8,8200,0.1859980121062851,741.0,0,0,1,0,0.0,0.0,0,30.503673985430762,0,0.0,0,30.503673985430762,0.05,0.05929990060531426,90.44324177164772,-19.710525505365595,50.21419949079636,172.04763576263383,50.21419949079636
133901,38,F,High School,Married,Less than $40k,32400.0,2020-08-31,9,8200,0.1857476688180906,741.0,0,0,1,0,0.0,0.0,0,30.46261768616686,0,0.0,0,30.46261768616686,0.05,0.059287383440904534,90.30244476867273,-0.14079700297499187,30.60341468914185,202.6510504517757,30.603414689141857
133901,38,F,High School,Married,Less than $40k,32400.0,2020-09-30,10,8200,0.23837187131580168,739.0,0,0,1,0,0.0,0.0,0,39.092986895791476,0,0.0,0,39.092986895791476,0.05,0.06191859356579009,121.02913834366352,30.72669357499079,8.366293320800686,211.01734377257637,8.36629332080068
133901,38,F,High School,Married,Less than $40k,32400.0,2020-10-31,11,8200,0.23339193472822686,739.0,0,0,1,0,0.0,0.0,0,38.2762772954292,0,0.0,0,38.2762772954292,0.05,0.06166959673641135,118.02412926900882,-3.0050090746546942,41.2812863700839,252.29863014266027,41.281286370083905
133901,38,F,High School,Married,Less than $40k,32400.0,2020-11-30,12,8200,0.20176493097687162,740.0,0,0,1,0,0.0,0.0,0,33.08944868020695,0,0.0,100,133.08944868020694,0.05,0.06008824654884359,99.4143475230791,-18.609781745929723,151.69923042613667,403.9978605687969,151.69923042613664
133901,38,F,High School,Married,Less than $40k,32400.0,2020-12-31,13,8200,0.224769578179054,740.0,0,0,0,0,0.0,0.0,0,36.862210821364854,0,0.0,0,36.862210821364854,0.05,0.061238478908952704,112.86928599607599,13.454938472996886,23.407272348367968,427.4051329171649,23.407272348367997
133901,39,F,High School,Married,Less than $40k,32400.0,2021-01-31,14,8200,0.2230068572226748,740.0,0,0,0,0,0.0,0.0,0,36.573124584518666,0,0.0,0,36.573124584518666,0.05,0.061150342861133744,111.8229553923138,-1.0463306037621862,37.61945518828085,465.0245881054458,37.61945518828088
133901,39,F,High School,Married,Less than $40k,32400.0,2021-02-28,15,8200,0.17318713220689136,742.0,0,0,0,0,0.0,0.0,0,28.402689681930184,0,0.0,0,28.402689681930184,0.05,0.05865935661034457,83.30417513726483,-28.518780255048966,56.92146993697915,521.946058042425,56.92146993697918
133901,39,F,High School,Married,Less than $40k,32400.0,2021-03-31,16,8200,0.2105048880623014,740.0,0,0,0,0,0.0,0.0,0,34.52280164221743,0,0.0,0,34.52280164221743,0.05,0.060525244403115075,104.47505034377362,21.170875206508782,13.351926435708648,535.2979844781336,13.351926435708606
133901,39,F,High School,Married,Less than $40k,32400.0,2021-04-30,17,8200,0.2330640726943306,739.0,0,0,0,0,0.0,0.0,0,38.22250792187022,0,0.0,0,38.22250792187022,0.05,0.06165320363471653,117.82700321683153,13.351952873057911,24.870555048812307,560.1685395269459,24.87055504881232
133901,39,F,High School,Married,Less than $40k,32400.0,2021-05-31,18,8200,0.23328705686623016,739.0,0,0,0,0,0.0,0.0,0,38.25907732606175,0,0.0,0,38.25907732606175,0.05,0.06166435284331151,117.96106218469052,0.13405896785899074,38.12501835820276,598.2935578851486,38.12501835820274
133901,39,F,High School,Married,Less than $40k,32400.0,2021-06-30,19,8200,0.1829971477407174,741.0,0,0,0,0,0.0,0.0,0,30.011532229477652,0,0.0,0,30.011532229477652,0.05,0.059149857387035876,88.7588925670017,-29.202169617688824,59.213701847166476,657.5072597323151,59.213701847166476
133901,39,F,High School,Married,Less than $40k,32400.0,2021-07-31,20,8200,0.22364558516019745,740.0,0,0,0,0,0.0,0.0,0,36.67787596627238,0,0.0,0,36.67787596627238,0.05,0.061182279258009876,112.2018024979563,23.4429099309546,13.234966035317782,670.7422257676329,13.234966035317825
133901,39,F,High School,Married,Less than $40k,32400.0,2021-08-31,21,8200,0.1815084409187532,741.0,0,0,0,0,0.0,0.0,0,29.767384310675524,0,0.0,0,29.767384310675524,0.05,0.059075422045937666,87.926039567839,-24.275762930117295,54.04314724079282,724.7853730084257,54.04314724079279
133901,39,F,High School,Married,Less than $40k,32400.0,2021-09-30,22,8200,0.20705485948994667,740.0,0,0,0,0,0.0,0.0,0,33.956996956351254,0,0.0,0,33.956996956351254,0.05,0.06035274297449734,102.46989547462277,14.543855906783776,19.41314104956748,744.1985140579932,19.413141049567457
133901,39,F,High School,Married,Less than $40k,32400.0,2021-10-31,23,8200,0.21944476709866462,740.0,0,0,0,0,0.0,0.0,0,35.988941804180996,0,0.0,0,35.988941804180996,0.05,0.060972238354933234,109.71631689131723,7.24642141669446,28.742520387486536,772.9410344454798,28.742520387486593
133901,39,F,High School,Married,Less than $40k,32400.0,2021-11-30,24,8200,0.2453293962309209,739.0,0,0,0,0,0.0,0.0,0,40.234020981871026,0,0.0,100,140.23402098187103,0.05,0.06226646981154605,125.26152264323913,15.545205751921898,124.68881522994913,897.6298496754289,124.68881522994911
133901,39,F,High School,Married,Less than $40k,32400.0,2021-12-31,25,8200,0.20010603908890628,740.0,0,0,0,0,0.0,0.0,0,32.81739041058063,0,0.0,0,32.81739041058063,0.05,0.06000530195444532,98.46087104719045,-26.80065159604868,59.61804200662931,957.2478916820583,59.618042006629366
133901,40,F,High School,Married,Less than $40k,32400.0,2022-01-31,26,8200,0.22520633553483568,739.0,0,0,0,0,0.0,0.0,0,36.933839027713056,0,0.0,0,36.933839027713056,0.05,0.06126031677674179,113.12893393094453,14.668062883754075,22.26577614395898,979.5136678260172,22.265776143958988
133901,40,F,High School,Married,Less than $40k,32400.0,2022-02-28,27,8200,0.20635898141573705,740.0,0,0,0,0,0.0,0.0,0,33.842872952180876,0,0.0,0,33.842872952180876,0.05,0.06031794907078686,102.06663435693781,-11.062299574006715,44.90517252618759,1024.4188403522048,44.905172526187584
133901,40,F,High School,Divorced,Less than $40k,32400.0,2022-03-31,28,8200,0.13880397825374724,740.0,0,0,1,0,0.0,0.0,0,22.76385243361455,0,0.0,0,22.76385243361455,0.05,0.05694019891268737,64.80891427945373,-37.25772007748408,60.021572511098626,1084.4404128633034,60.02157251109861
133901,40,F,High School,Divorced,Less than $40k,32400.0,2022-04-30,29,8200,0.16314185520997293,740.0,0,0,1,0,0.0,0.0,0,26.75526425443556,0,0.0,0,26.75526425443556,0.05,0.05815709276049865,77.80041925384313,12.9915049743894,13.763759280046159,1098.2041721433495,13.763759280046088
133901,40,F,High School,Divorced,Less than $40k,32400.0,2022-05-31,30,8200,0.17533587531223713,740.0,0,0,1,0,0.0,0.0,0,28.75508355120689,0,0.0,0,28.75508355120689,0.05,0.05876679376561186,84.49220323833566,6.691783984492531,22.06329956671436,1120.2674717100638,22.06329956671425
133901,40,F,High School,Divorced,Less than $40k,32400.0,2022-06-30,31,8200,0.199756318681582,740.0,0,0,1,0,0.0,0.0,0,32.76003626377945,0,0.0,0,32.76003626377945,0.05,0.059987815934079106,98.26015126926791,13.767948030932246,18.992088232847202,1139.259559942911,18.99208823284721
133901,40,F,High School,Divorced,Less than $40k,32400.0,2022-07-31,32,8200,0.22451747051728446,740.0,0,0,1,0,1564.8867695054728,1564.8867695054728,1,36.82086516483466,0,32.093219497941405,0,68.91408466277606,0.05,0.06122587352586423,112.7194816847533,14.459330415485397,54.454754247290666,1193.7143141902015,54.454754247290566
133901,40,F,High School,Divorced,Less than $40k,32400.0,2022-08-31,33,8200,0.5744793266833025,706.0,0,0,1,1,4004.120906982618,4004.120906982618,1,94.21460957606162,30,0.0,0,124.21460957606162,0.15,0.17872396633416512,841.9204355029273,729.200953818174,-604.9863442421123,588.7279699480893,-604.9863442421123
133901,40,F,High School,Divorced,Less than $40k,32400.0,2022-09-30,34,8200,0.640846256119119,688.0,0,0,1,2,4466.6984051502595,4466.6984051502595,1,8.477686737837672,30,0.0,0,38.47768673783767,0.4,0.43204231280595595,2270.356128903286,1428.4356934003586,-1389.9580066625208,-801.2300367144315,-1389.9580066625208
133901,40,F,High School,Divorced,Less than $40k,32400.0,2022-10-31,35,8200,0.7072968718659701,670.0,0,0,1,3,4929.859196905812,4929.859196905812,1,8.489118169975134,30,0.0,0,38.489118169975136,0.65,0.6853648435932985,3975.0025616756893,1704.6464327724034,-1666.1573146024282,-2467.3873513168596,-1666.157314602428
133901,40,F,High School,Divorced,Less than $40k,32400.0,2022-11-30,36,8200,0.7777603261182531,660.0,0,0,1,4,4929.859196905812,4929.859196905812,1,0.0,0,0.0,100,100.0,0.72,0.7588880163059126,4839.910526604431,864.9079649287414,-764.9079649287414,-3232.295316245601,-764.9079649287414
133901,40,F,High School,Divorced,Less than $40k,32400.0,2022-12-31,37,8200,0.8546383004325375,642.0,0,0,1,5,4929.859196905812,4929.859196905812,1,0.0,0,0.0,0,0.0,0.8,0.8427319150216269,5905.893966909595,1065.9834403051645,-1065.9834403051645,-4298.278756550766,-1065.983440305165
133901,41,F,High School,Divorced,Less than $40k,32400.0,2023-01-31,38,8200,0.9182150723340651,624.0,0,0,1,6,4929.859196905812,4929.859196905812,1,0.0,0,0.0,0,0.0,0.84,0.8859107536167032,6670.344175052236,764.4502081426408,-764.4502081426408,-5062.728964693407,-764.4502081426408
133901,41,F,High School,Divorced,Less than $40k,32400.0,2023-02-28,39,8200,0.9915899982972866,614.0,0,0,1,7,4929.859196905812,4929.859196905812,1,0.0,0,0.0,0,0.0,0.86,0.9,7317.934187433975,647.5900123817391,-647.5900123817391,-5710.318977075146,-647.5900123817391
133902,37,F,High School,Married,Less than $40k,32400.0,2019-12-31,1,8900,0.19769464267473846,741.0,0,0,1,0,0.0,0.0,0,35.18964639610345,0,0.0,0,35.18964639610345,0.05,0.05988473213373693,105.36612741557879,105.36612741557879,-70.17648101947535,-70.17648101947535,-70.17648101947535
133902,38,F,High School,Married,Less than $40k,32400.0,2020-01-31,2,8900,0.19821827598631375,741.0,0,0,1,0,0.0,0.0,0,35.28285312556385,0,0.0,0,35.28285312556385,0.05,0.05991091379931569,105.69139860997859,0.3252711943998037,34.95758193116404,-35.218899088311304,34.95758193116404
133902,38,F,High School,Married,Less than $40k,32400.0,2020-02-29,3,8900,0.18273427561183742,741.0,0,0,1,0,0.0,0.0,0,32.52670105890706,0,0.0,0,32.52670105890706,0.05,0.059136713780591876,96.17611053737306,-9.515288072605529,42.04198913151259,6.823090043201283,42.04198913151259
133902,38,F,High School,Married,Less than $40k,32400.0,2020-03-31,4,8900,0.19909079739586702,741.0,0,0,1,0,0.0,0.0,0,35.43816193646433,0,0.0,0,35.43816193646433,0.05,0.05995453986979336,106.2339346365972,10.057824099224135,25.380337837240198,32.20342788044148,25.380337837240198
133902,38,F,High School,Married,Less than $40k,32400.0,2020-04-30,5,8900,0.18650618854232556,741.0,0,0,1,0,0.0,0.0,0,33.19810156053395,0,0.0,0,33.19810156053395,0.05,0.05932530942711628,98.47438237357542,-7.759552263021774,40.957653823555724,73.16108170399721,40.95765382355573
133902,38,F,High School,Married,Less than $40k,32400.0,2020-05-31,6,8900,0.20261795622705261,740.0,0,0,1,0,0.0,0.0,0,36.06599620841537,0,0.0,0,36.06599620841537,0.05,0.060130897811352634,108.4340366236428,9.959654250067373,26.106341958347997,99.26742366234521,26.106341958347997
133902,38,F,High School,Married,Less than $40k,32400.0,2020-06-30,7,8900,0.19432416059284108,741.0,0,0,1,0,0.0,0.0,0,34.58970058552571,0,0.0,0,34.58970058552571,0.05,0.05971620802964206,103.27828779241426,-5.155748831228536,39.74544941675425,139.01287307909945,39.74544941675424
133902,38,F,High School,Married,Less than $40k,32400.0,2020-07-31,8,8900,0.18293605321672698,741.0,0,0,1,0,0.0,0.0,0,32.5626174725774,0,0.0,0,32.5626174725774,0.05,0.059146802660836356,96.2987354885419,-6.979552303872367,39.54216977644977,178.55504285554923,39.54216977644978
133902,38,F,High School,Married,Less than $40k,32400.0,2020-08-31,9,8900,0.2438639482100735,739.0,0,0,1,0,0.0,0.0,0,43.40778278139309,0,0.0,0,43.40778278139309,0.05,0.06219319741050368,134.98344018377213,38.68470469523024,4.72307808616285,183.27812094171207,4.723078086162843
133902,38,F,High School,Married,Less than $40k,32400.0,2020-09-30,10,8900,0.23807037141317908,739.0,0,0,1,0,0.0,0.0,0,42.37652611154587,0,0.0,0,42.37652611154587,0.05,0.061903518570658955,131.16280355530472,-3.820636628467412,46.19716274001328,229.47528368172536,46.19716274001328
133902,38,F,High School,Married,Less than $40k,32400.0,2020-10-31,11,8900,0.18851445450974685,741.0,0,0,1,0,0.0,0.0,0,33.55557290273494,0,0.0,0,33.55557290273494,0.05,0.059425722725487344,99.70320856064016,-31.459594994664556,65.0151678973995,294.49045157912485,65.0151678973995
133902,38,F,High School,Married,Less than $40k,32400.0,2020-11-30,12,8900,0.22234085367699982,740.0,0,0,1,0,0.0,0.0,0,39.57667195450597,0,0.0,100,139.57667195450597,0.05,0.061117042683849994,120.94045745641353,21.237248895773362,118.3394230587326,412.8298746378575,118.33942305873262
133902,38,F,High School,Married,Less than $40k,32400.0,2020-12-31,13,8900,0.2488729014318047,739.0,0,0,0,0,0.0,0.0,0,44.29937645486124,0,0.0,0,44.29937645486124,0.05,0.06244364507159024,138.31072701200583,17.3702695555923,26.929106899268938,439.75898153712643,26.92910689926896
133902,39,F,High School,Married,Less than $40k,32400.0,2021-01-31,14,8900,0.1782857900718431,741.0,0,0,0,0,0.0,0.0,0,31.73487063278807,0,0.0,0,31.73487063278807,0.05,0.058914289503592156,93.48186779095606,-44.82885922104977,76.56372985383784,516.3227113909643,76.56372985383786
133902,39,F,High School,Married,Less than $40k,32400.0,2021-02-28,15,8900,0.1734349299217738,742.0,0,0,0,0,0.0,0.0,0,30.87141752607574,0,0.0,0,30.87141752607574,0.05,0.058671746496088695,90.56399915324127,-2.9178686377147898,33.78928616379053,550.1119975547548,33.78928616379051
133902,39,F,High School,Married,Less than $40k,32400.0,2021-03-31,16,8900,0.21574941733497105,740.0,0,0,0,0,0.0,0.0,0,38.40339628562485,0,0.0,0,38.40339628562485,0.05,0.06078747086674856,116.72226664483101,26.15826749158974,12.24512879403511,562.35712634879,12.245128794035168
133902,39,F,High School,Married,Less than $40k,32400.0,2021-04-30,17,8900,0.19086146959093392,741.0,0,0,0,0,0.0,0.0,0,33.97334158718624,0,0.0,0,33.97334158718624,0.05,0.059543073479546696,101.14385872357848,-15.578407921252534,49.551749508438775,611.9088758572287,49.551749508438775
133902,39,F,High School,Married,Less than $40k,32400.0,2021-05-31,18,8900,0.23549468463603446,739.0,0,0,0,0,0.0,0.0,0,41.918053865214134,0,0.0,0,41.918053865214134,0.05,0.06177473423180173,129.47383185189761,28.32997312831914,13.588080736894995,625.4969565941237,13.588080736894995
133902,39,F,High School,Married,Less than $40k,32400.0,2021-06-30,19,8900,0.23649173800379275,739.0,0,0,0,0,0.0,0.0,0,42.095529364675116,0,0.0,0,42.095529364675116,0.05,0.06182458690018964,130.12693566579205,0.6531038138944325,41.44242555078068,666.9393821449044,41.44242555078063
133902,39,F,High School,Married,Less than $40k,32400.0,2021-07-31,20,8900,0.23568273918885066,739.0,0,0,0,0,0.0,0.0,0,41.95152757561542,0,0.0,0,41.95152757561542,0.05,0.061784136959442536,129.59694626948266,-0.5299893963093893,42.48151697192481,709.4208991168292,42.48151697192486
133902,39,F,High School,Married,Less than $40k,32400.0,2021-08-31,21,8900,0.2467275686546907,739.0,0,0,0,0,0.0,0.0,0,43.917507220534944,0,0.0,0,43.917507220534944,0.05,0.06233637843273454,136.88291749608092,7.285971226598264,36.63153599393668,746.0524351107659,36.63153599393672
133902,39,F,High School,Married,Less than $40k,32400.0,2021-09-30,22,8900,0.18485529190312666,741.0,0,0,0,0,0.0,0.0,0,32.90424195875655,0,0.0,0,32.90424195875655,0.05,0.05924276459515634,97.466913027234,-39.41600446884692,72.32024642760348,818.3726815383694,72.32024642760348
133902,39,F,High School,Married,Less than $40k,32400.0,2021-10-31,23,8900,0.19340067044160492,741.0,0,0,0,0,0.0,0.0,0,34.425319338605675,0,0.0,0,34.425319338605675,0.05,0.05967003352208025,102.7079979471459,5.2410849199118985,29.184234418693777,847.5569159570632,29.18423441869379
133902,39,F,High School,Married,Less than $40k,32400.0,2021-11-30,24,8900,0.24993163242979688,739.0,0,0,0,0,0.0,0.0,0,44.487830572503846,0,0.0,100,144.48783057250384,0.05,0.06249658162148985,139.0168667268749,36.308868779728996,108.17896179277484,955.7358777498381,108.17896179277488
133902,39,F,High School,Married,Less than $40k,32400.0,2021-12-31,25,8900,0.19097890405866497,741.0,0,0,0,0,0.0,0.0,0,33.99424492244236,0,0.0,0,33.99424492244236,0.05,0.05954894520293325,101.21607140508061,-37.80079532179428,71.79504024423665,1027.5309179940748,71.7950402442367
133902,40,F,High School,Married,Less than $40k,32400.0,2022-01-31,26,8900,0.23476242007444648,739.0,0,0,0,0,0.0,0.0,0,41.787710773251476,0,0.0,0,41.787710773251476,0.05,0.06173812100372233,128.99473720937755,27.778665804296935,14.00904496895454,1041.5399629630294,14.00904496895464
133902,40,F,High School,Married,Less than $40k,32400.0,2022-02-28,27,8900,0.19562810636221983,741.0,0,0,0,0,0.0,0.0,0,34.82180293247513,0,0.0,0,34.82180293247513,0.05,0.05978140531811099,104.08481575068407,-24.909921458693475,59.731724391168605,1101.271687354198,59.731724391168655
133902,40,F,High School,Divorced,Less than $40k,32400.0,2022-03-31,28,8900,0.14087403313530605,740.0,0,0,1,0,0.0,0.0,0,25.07557789808448,0,0.0,0,25.07557789808448,0.05,0.057043701656765304,71.52018922446544,-32.56462652621863,57.64020442430311,1158.9118917785013,57.64020442430319
133902,40,F,High School,Divorced,Less than $40k,32400.0,2022-04-30,29,8900,0.15959864326523787,740.0,0,0,1,0,0.0,0.0,0,28.408558501212344,0,0.0,0,28.408558501212344,0.05,0.057979932163261895,82.35631473781743,10.836125513351988,17.572432987860356,1176.4843247663616,17.57243298786034
133902,40,F,High School,Divorced,Less than $40k,32400.0,2022-05-31,30,8900,0.1782235813805443,740.0,0,0,1,0,0.0,0.0,0,31.72379748573689,0,0.0,0,31.72379748573689,0.05,0.05891117906902722,93.44431572159006,11.08800098377263,20.635796501964258,1197.1201212683259,20.63579650196425
133902,40,F,High School,Divorced,Less than $40k,32400.0,2022-06-30,31,8900,0.20075948924143966,740.0,0,0,1,0,0.0,0.0,0,35.73518908497626,0,0.0,0,35.73518908497626,0.05,0.060037974462071986,107.27341848405591,13.829102762465851,21.90608632251041,1219.0262075908363,21.90608632251042
133902,40,F,High School,Divorced,Less than $40k,32400.0,2022-07-31,32,8900,0.22473630285632687,740.0,0,0,1,0,1700.1301311081127,1700.1301311081127,1,40.00306190842618,0,34.86683543880888,0,74.86989734723505,0.05,0.06123681514281635,122.48300536164662,15.20958687759071,59.660310469644344,1278.6865180604807,59.6603104696444
133902,40,F,High School,Divorced,Less than $40k,32400.0,2022-08-31,33,8900,0.5713051285401767,706.0,0,0,1,1,4321.923297406436,4321.923297406436,1,101.69231288015145,30,0.0,0,131.69231288015146,0.15,0.17856525642700882,907.9356963049928,785.4526909433462,-653.7603780631947,624.926139997286,-653.7603780631947
133902,40,F,High School,Divorced,Less than $40k,32400.0,2022-09-30,34,8900,0.6414072568078155,688.0,0,0,1,2,4852.245897751124,4852.245897751124,1,9.805360407209244,30,0.0,0,39.80536040720924,0.4,0.4320703628403908,2466.484288978972,1558.5485926739793,-1518.74323226677,-893.8170922694841,-1518.74323226677
133902,40,F,High School,Divorced,Less than $40k,32400.0,2022-10-31,35,8900,0.7084838960817522,670.0,0,0,1,3,5359.6806738584555,5359.6806738584555,1,9.35680308553413,30,0.0,0,39.35680308553413,0.65,0.6854241948040877,4321.946835631132,1855.4625466521597,-1816.1057435666255,-2709.9228358361097,-1816.1057435666257
133902,40,F,High School,Divorced,Less than $40k,32400.0,2022-11-30,36,8900,0.7772627747066142,660.0,0,0,1,4,5359.6806738584555,5359.6806738584555,1,0.0,0,0.0,100,100.0,0.72,0.7588631387353307,5249.541012640342,927.5941770092104,-827.5941770092104,-3537.51701284532,-827.5941770092104
133902,40,F,High School,Divorced,Less than $40k,32400.0,2022-12-31,37,8900,0.8451212744935432,642.0,0,0,1,5,5359.6806738584555,5359.6806738584555,1,0.0,0,0.0,0,0.0,0.8,0.8422560637246772,6335.095810421736,1085.554797781394,-1085.554797781394,-4623.071810626714,-1085.554797781394
133902,41,F,High School,Divorced,Less than $40k,32400.0,2023-01-31,38,8900,0.9162316645704082,624.0,0,0,1,6,5359.6806738584555,5359.6806738584555,1,0.0,0,0.0,0,0.0,0.84,0.8858115832285204,7223.316730435222,888.2209200134857,-888.2209200134857,-5511.2927306402,-888.2209200134857
133902,41,F,High School,Divorced,Less than $40k,32400.0,2023-02-28,39,8900,0.9880907050857982,614.0,0,0,1,7,5359.6806738584555,5359.6806738584555,1,0.0,0,0.0,0,0.0,0.86,0.9,7914.606547737244,691.2898173020221,-691.2898173020221,-6202.582547942222,-691.2898173020221
133903,37,F,High School,Married,Less than $40k,32400.0,2019-12-31,1,7200,0.21406200029645922,740.0,0,0,1,0,0.0,0.0,0,30.824928042690125,0,0.0,0,30.824928042690125,0.05,0.060703100014822965,93.558434496257,93.558434496257,-62.73350645356687,-62.73350645356687,-62.73350645356687
133903,38,F,High School,Married,Less than $40k,32400.0,2020-01-31,2,7200,0.2066745751437406,740.0,0,0,1,0,0.0,0.0,0,29.761138820698648,0,0.0,0,29.761138820698648,0.05,0.06033372875718703,89.78002385565107,-3.7784106406059266,33.539549461304574,-29.193956992262294,33.539549461304574
133903,38,F,High School,Married,Less than $40k,32400.0,2020-02-29,3,7200,0.21412156255518552,740.0,0,0,1,0,0.0,0.0,0,30.833505007946716,0,0.0,0,30.833505007946716,0.05,0.06070607812775928,93.58905819825351,3.8090343426024447,27.02447066534427,-2.1694863269180225,27.02447066534427
133903,38,F,High School,Married,Less than $40k,32400.0,2020-03-31,4,7200,0.24405900145048925,739.0,0,0,1,0,0.0,0.0,0,35.14449620887045,0,0.0,0,35.14449620887045,0.05,0.062202950072524466,109.30456715021971,15.7155089519662,19.42898725690425,17.259500929986228,19.42898725690425
133903,38,F,High School,Married,Less than $40k,32400.0,2020-04-30,5,7200,0.2225704600323478,740.0,0,0,1,0,0.0,0.0,0,32.05014624465808,0,0.0,0,32.05014624465808,0.05,0.06112852300161739,97.95890509608914,-11.345662054130571,43.39580829878865,60.65530922877488,43.39580829878865
133903,38,F,High School,Married,Less than $40k,32400.0,2020-05-31,6,7200,0.23778105279723957,739.0,0,0,1,0,0.0,0.0,0,34.2404716028025,0,0.0,0,34.2404716028025,0.05,0.06188905263986198,105.95551747197716,7.99661237588802,26.24385922691448,86.89916845568936,26.24385922691448
133903,38,F,High School,Married,Less than $40k,32400.0,2020-06-30,7,7200,0.1792946987811246,741.0,0,0,1,0,0.0,0.0,0,25.818436624481944,0,0.0,0,25.818436624481944,0.05,0.05896473493905623,76.11886360516998,-29.836653866807183,55.65509049128913,142.5542589469785,55.655090491289144
133903,38,F,High School,Married,Less than $40k,32400.0,2020-07-31,8,7200,0.1980828213987095,741.0,0,0,1,0,0.0,0.0,0,28.52392628141417,0,0.0,0,28.52392628141417,0.05,0.05990414106993548,85.43506519151373,9.316201586343752,19.207724695070418,161.76198364204893,19.207724695070425
133903,38,F,High School,Married,Less than $40k,32400.0,2020-08-31,9,7200,0.1753443653886262,741.0,0,0,1,0,0.0,0.0,0,25.24958861596217,0,0.0,0,25.24958861596217,0.05,0.058767218269431314,74.19240427037985,-11.242660921133876,36.49224953709604,198.254233179145,36.49224953709606
133903,38,F,High School,Married,Less than $40k,32400.0,2020-09-30,10,7200,0.2349207667299031,739.0,0,0,1,0,0.0,0.0,0,33.82859040910605,0,0.0,0,33.82859040910605,0.05,0.06174603833649516,104.43907201351273,30.246667743132875,3.581922665973174,201.83615584511816,3.581922665973167
133903,38,F,High School,Married,Less than $40k,32400.0,2020-10-31,11,7200,0.23347998713680834,739.0,0,0,1,0,0.0,0.0,0,33.6211181477004,0,0.0,0,33.6211181477004,0.05,0.06167399935684042,103.6774409508765,-0.7616310626362264,34.38274921033663,236.2189050554548,34.38274921033664
133903,38,F,High School,Married,Less than $40k,32400.0,2020-11-30,12,7200,0.2413449860257429,739.0,0,0,1,0,0.0,0.0,0,34.75367798770698,0,0.0,100,134.75367798770696,0.05,0.062067249301287146,107.85325978998321,4.175818839106711,130.57785914860025,366.7967642040551,130.57785914860028
133903,38,F,High School,Married,Less than $40k,32400.0,2020-12-31,13,7200,0.1908830035190364,741.0,0,0,0,0,0.0,0.0,0,27.48715250674124,0,0.0,0,27.48715250674124,0.05,0.05954415017595183,81.83495683853457,-26.018302951448646,53.505455458189886,420.30221966224497,53.505455458189886
133903,39,F,High School,Married,Less than $40k,32400.0,2021-01-31,14,7200,0.2173281210172222,740.0,0,0,0,0,0.0,0.0,0,31.29524942648,0,0.0,0,31.29524942648,0.05,0.06086640605086111,95.24146795275549,13.406511114220919,17.888738312259083,438.19095797450404,17.88873831225908
133903,39,F,High School,Married,Less than $40k,32400.0,2021-02-28,15,7200,0.2410688747480686,739.0,0,0,0,0,0.0,0.0,0,34.713917963721876,0,0.0,0,34.713917963721876,0.05,0.06205344373740343,107.70590776333269,12.464439810577204,22.249478153144672,460.4404361276487,22.24947815314465
133903,39,F,High School,Married,Less than $40k,32400.0,2021-03-31,16,7200,0.214767727970459,740.0,0,0,0,0,0.0,0.0,0,30.926552827746097,0,0.0,0,30.926552827746097,0.05,0.060738386398522956,93.92144578129876,-13.784461982033932,44.711014809780025,505.1514509374287,44.71101480978001
133903,39,F,High School,Married,Less than $40k,32400.0,2021-04-30,17,7200,0.18257669090060533,741.0,0,0,0,0,0.0,0.0,0,26.29104348968717,0,0.0,0,26.29104348968717,0.05,0.05912883454503027,77.72793802589538,-16.193507755403374,42.48455124509054,547.6360021825193,42.484551245090586
133903,39,F,High School,Married,Less than $40k,32400.0,2021-05-31,18,7200,0.22736982905166248,739.0,0,0,0,0,0.0,0.0,0,32.741255383439395,0,0.0,0,32.741255383439395,0.05,0.06136849145258313,100.46407255727209,22.736134531376706,10.005120852062689,557.6411230345819,10.005120852062646
133903,39,F,High School,Married,Less than $40k,32400.0,2021-06-30,19,7200,0.212320895301945,740.0,0,0,0,0,0.0,0.0,0,30.574208923480082,0,0.0,0,30.574208923480082,0.05,0.06061604476509726,92.66438083815522,-7.799691719116865,38.37390064259695,596.0150236771789,38.37390064259694
133903,39,F,High School,Married,Less than $40k,32400.0,2021-07-31,20,7200,0.2298490080072585,739.0,0,0,0,0,0.0,0.0,0,33.098257153045225,0,0.0,0,33.098257153045225,0.05,0.06149245040036293,101.76464681610454,9.10026597794932,23.997991175095905,620.0130148522748,23.997991175095876
133903,39,F,High School,Married,Less than $40k,32400.0,2021-08-31,21,7200,0.17389317799753048,742.0,0,0,0,0,0.0,0.0,0,25.04061763164439,0,0.0,0,25.04061763164439,0.05,0.05869465889987653,73.48752552658007,-28.277121289524473,53.31773892116887,673.3307537734436,53.317738921168825
133903,39,F,High School,Married,Less than $40k,32400.0,2021-09-30,22,7200,0.19454562991080757,741.0,0,0,0,0,0.0,0.0,0,28.01457070715629,0,0.0,0,28.01457070715629,0.05,0.05972728149554038,83.66170753015217,10.1741820035721,17.840388703584193,691.1711424770277,17.840388703584154
133903,39,F,High School,Married,Less than $40k,32400.0,2021-10-31,23,7200,0.17746982040546314,741.0,0,0,0,0,0.0,0.0,0,25.55565413838669,0,0.0,0,25.55565413838669,0.05,0.05887349102027316,75.22752872167577,-8.434178808476403,33.98983294686309,725.1609754238908,33.98983294686309
133903,39,F,High School,Married,Less than $40k,32400.0,2021-11-30,24,7200,0.20324374319547667,740.0,0,0,0,0,0.0,0.0,0,29.26709902014864,0,0.0,100,129.26709902014863,0.05,0.06016218715977384,88.0386344436908,12.811105722015029,116.4559932981336,841.6169687220245,116.45599329813365
133903,39,F,High School,Married,Less than $40k,32400.0,2021-12-31,25,7200,0.2352532742525646,739.0,0,0,0,0,0.0,0.0,0,33.876471492369305,0,0.0,0,33.876471492369305,0.05,0.06176266371262823,104.6150558276821,16.576421383991303,17.300050108378002,858.9170188304024,17.300050108377945
133903,40,F,High School,Married,Less than $40k,32400.0,2022-01-31,26,7200,0.19928416076998953,741.0,0,0,0,0,0.0,0.0,0,28.696919150878493,0,0.0,0,28.696919150878493,0.05,0.05996420803849948,86.0394015013639,-18.5756543263182,47.272573477196694,906.1895923075991,47.272573477196715
133903,40,F,High School,Married,Less than $40k,32400.0,2022-02-28,27,7200,0.18981135850858072,741.0,0,0,0,0,0.0,0.0,0,27.332835625235624,0,0.0,0,27.332835625235624,0.05,0.05949056792542904,81.30229571788333,-4.7371057834805725,32.0699414087162,938.2595337163153,32.069941408716204
133903,40,F,High School,Divorced,Less than $40k,32400.0,2022-03-31,28,7200,0.13526111179155864,740.0,0,0,1,0,0.0,0.0,0,19.477600097984443,0,0.0,0,19.477600097984443,0.05,0.056763055589577935,55.28040485567298,-26.02189086221035,45.49949096019479,983.7590246765101,45.49949096019475
133903,40,F,High School,Divorced,Less than $40k,32400.0,2022-04-30,29,7200,0.1621251034224842,740.0,0,0,1,0,0.0,0.0,0,23.346014892837726,0,0.0,0,23.346014892837726,0.05,0.058106255171124215,67.82747492960475,12.54707007393177,10.798944818905955,994.557969495416,10.798944818905966
133903,40,F,High School,Divorced,Less than $40k,32400.0,2022-05-31,30,7200,0.17621520507435023,740.0,0,0,1,0,0.0,0.0,0,25.374989530706436,0,0.0,0,25.374989530706436,0.05,0.058810760253717516,74.6161212865484,6.788646356943659,18.586343173762778,1013.1443126691788,18.58634317376277
133903,40,F,High School,Divorced,Less than $40k,32400.0,2022-06-30,31,7200,0.20237312190749226,740.0,0,0,1,0,0.0,0.0,0,29.141729554678886,0,0.0,0,29.141729554678886,0.05,0.06011865609537462,87.59808085610773,12.981959569559322,16.159769985119564,1029.3040826542983,16.15976998511951
133903,40,F,High School,Divorced,Less than $40k,32400.0,2022-07-31,32,7200,0.22253065139623832,740.0,0,0,1,0,1361.8875865449786,1361.8875865449786,1,32.04441380105832,0,27.93004458739327,0,59.97445838845159,0.05,0.06112653256981192,97.93819519454608,10.340114338438354,49.63434405001323,1078.9384267043115,49.63434405001317
133903,40,F,High School,Divorced,Less than $40k,32400.0,2022-08-31,33,7200,0.5681757252918885,706.0,0,0,1,1,3477.235438786358,3477.235438786358,1,81.81730444203195,30,0.0,0,111.81730444203195,0.15,0.17840878626459442,729.8462990471864,631.9081038526404,-520.0907994106084,558.8476272937031,-520.0907994106084
133903,40,F,High School,Divorced,Less than $40k,32400.0,2022-09-30,34,7200,0.6419974793669415,688.0,0,0,1,2,3929.024573725682,3929.024573725682,1,8.26625557405523,30,0.0,0,38.26625557405523,0.4,0.4320998739683471,1997.330615441654,1267.4843163944674,-1229.2180608204121,-670.370433526709,-1229.2180608204121
133903,40,F,High School,Divorced,Less than $40k,32400.0,2022-10-31,35,7200,0.707540077557578,670.0,0,0,1,3,4330.145274652377,4330.145274652377,1,7.273251747283373,30,0.0,0,37.273251747283375,0.65,0.6853770038778789,3491.5082290555315,1494.1776136138776,-1456.9043618665942,-2127.274795393303,-1456.9043618665942
133903,40,F,High School,Divorced,Less than $40k,32400.0,2022-11-30,36,7200,0.7785847163406876,660.0,0,0,1,4,4330.145274652377,4330.145274652377,1,0.0,0,0.0,100,100.0,0.72,0.7589292358170343,4254.413067297076,762.9048382415444,-662.9048382415444,-2790.1796336348475,-662.9048382415444
133903,40,F,High School,Divorced,Less than $40k,32400.0,2022-12-31,37,7200,0.8512707672315278,642.0,0,0,1,5,4330.145274652377,4330.145274652377,1,0.0,0,0.0,0,0.0,0.8,0.8425635383615764,5164.197910145063,909.7848428479874,-909.7848428479874,-3699.964476482835,-909.7848428479874
133903,41,F,High School,Divorced,Less than $40k,32400.0,2023-01-31,38,7200,0.9172126885686576,624.0,0,0,1,6,4330.145274652377,4330.145274652377,1,0.0,0,0.0,0,0.0,0.84,0.8858606344284329,5850.162822248925,685.9649121038619,-685.9649121038619,-4385.929388586697,-685.9649121038624
133903,41,F,High School,Divorced,Less than $40k,32400.0,2023-02-28,39,7200,0.9931662418864154,614.0,0,0,1,7,4330.145274652377,4330.145274652377,1,0.0,0,0.0,0,0.0,0.86,0.9,6435.717247423972,585.5544251750471,-585.5544251750471,-4971.483813761744,-585.5544251750471
133904,37,F,High School,Married,Less than $40k,32400.0,2019-12-31,1,8700,0.2316343845832076,739.0,0,0,1,0,0.0,0.0,0,40.30438291747812,0,0.0,0,40.30438291747812,0.05,0.061581719229160385,124.10065962643529,124.10065962643529,-83.79627670895717,-83.79627670895717,-83.79627670895717
133904,38,F,High School,Married,Less than $40k,32400.0,2020-01-31,2,8700,0.18115937986480818,741.0,0,0,1,0,0.0,0.0,0,31.521732096476622,0,0.0,0,31.521732096476622,0.05,0.05905796899324041,93.08047383834737,-31.020185788087915,62.54191788456454,-21.254358824392625,62.54191788456454
133904,38,F,High School,Married,Less than $40k,32400.0,2020-02-29,3,8700,0.21141041317744058,740.0,0,0,1,0,0.0,0.0,0,36.78541189287466,0,0.0,0,36.78541189287466,0.05,0.06057052065887203,111.40557755012408,18.325103711776705,18.460308181097957,-2.7940506432946677,18.460308181097957
133904,38,F,High School,Married,Less than $40k,32400.0,2020-03-31,4,8700,0.23230051222911124,739.0,0,0,1,0,0.0,0.0,0,40.42028912786536,0,0.0,0,40.42028912786536,0.05,0.061615025611455564,124.52485749179314,13.119279941669063,27.301009186196296,24.50695854290163,27.301009186196296
133904,38,F,High School,Married,Less than $40k,32400.0,2020-04-30,5,8700,0.18270023712525973,741.0,0,0,1,0,0.0,0.0,0,31.789841259795196,0,0.0,0,31.789841259795196,0.05,0.05913501185626299,93.99463199033536,-30.530225501457778,62.320066761252974,86.8270253041546,62.320066761252974
133904,38,F,High School,Married,Less than $40k,32400.0,2020-05-31,6,8700,0.22121114037213388,740.0,0,0,1,0,0.0,0.0,0,38.49073842475129,0,0.0,0,38.49073842475129,0.05,0.0610605570186067,117.51329641364012,23.518664423304756,14.972074001446536,101.79909930560115,14.972074001446543
133904,38,F,High School,Married,Less than $40k,32400.0,2020-06-30,7,8700,0.1829115264993477,741.0,0,0,1,0,0.0,0.0,0,31.8266056108865,0,0.0,0,31.8266056108865,0.05,0.05914557632496739,94.12014656616614,-23.39314984747398,55.21975545836048,157.01885476396163,55.21975545836048
133904,38,F,High School,Married,Less than $40k,32400.0,2020-07-31,8,8700,0.17993935738791533,741.0,0,0,1,0,0.0,0.0,0,31.309448185497267,0,0.0,0,31.309448185497267,0.05,0.05899696786939577,92.3581254304147,-1.7620211357514393,33.071469321248706,190.09032408521034,33.07146932124871
133904,38,F,High School,Married,Less than $40k,32400.0,2020-08-31,9,8700,0.2370894336826621,739.0,0,0,1,0,0.0,0.0,0,41.2535614607832,0,0.0,0,41.2535614607832,0.05,0.061854471684133105,127.58586246228298,35.22773703186827,6.02582442891493,196.11614851412526,6.025824428914916
133904,38,F,High School,Married,Less than $40k,32400.0,2020-09-30,10,8700,0.2467308708033152,739.0,0,0,1,0,0.0,0.0,0,42.931171519776846,0,0.0,0,42.931171519776846,0.05,0.06233654354016577,133.80904213364468,6.223179671361706,36.70799184841514,232.8241403625404,36.70799184841513
133904,38,F,High School,Married,Less than $40k,32400.0,2020-10-31,11,8700,0.19141036518818233,741.0,0,0,1,0,0.0,0.0,0,33.305403542743726,0,0.0,0,33.305403542743726,0.05,0.05957051825940912,99.20100749400022,-34.60803463964446,67.91343818238818,300.73757854492857,67.91343818238818
133904,38,F,High School,Married,Less than $40k,32400.0,2020-11-30,12,8700,0.19484511320994793,741.0,0,0,1,0,0.0,0.0,0,33.90304969853094,0,0.0,100,133.90304969853094,0.05,0.0597422556604974,101.27223313800924,2.0712256440090187,131.83182405452192,432.5694025994505,131.83182405452192
133904,38,F,High School,Married,Less than $40k,32400.0,2020-12-31,13,8700,0.21872589305949464,740.0,0,0,0,0,0.0,0.0,0,38.05830539235207,0,0.0,0,38.05830539235207,0.05,0.06093629465297473,115.95660556906314,14.684372431053902,23.373932961298166,455.94333556074866,23.37393296129818
133904,39,F,High School,Married,Less than $40k,32400.0,2021-01-31,14,8700,0.22005657185919417,740.0,0,0,0,0,0.0,0.0,0,38.28984350349978,0,0.0,0,38.28984350349978,0.05,0.06100282859295971,116.78943800476246,0.8328324356993164,37.457011067800465,493.40034662854913,37.457011067800465
133904,39,F,High School,Married,Less than $40k,32400.0,2021-02-28,15,8700,0.21637207566193264,740.0,0,0,0,0,0.0,0.0,0,37.64874116517628,0,0.0,0,37.64874116517628,0.05,0.060818603783096635,114.48719359286082,-2.30224441190164,39.95098557707792,533.351332205627,39.950985577077915
133904,39,F,High School,Married,Less than $40k,32400.0,2021-03-31,16,8700,0.17528166438930756,741.0,0,0,0,0,0.0,0.0,0,30.499009603739516,0,0.0,0,30.499009603739516,0.05,0.058764083219465385,89.61231692327115,-24.874876669589668,55.373886273329184,588.7252184789562,55.37388627332916
133904,39,F,High School,Married,Less than $40k,32400.0,2021-04-30,17,8700,0.21373655335891728,740.0,0,0,0,0,0.0,0.0,0,37.19016028445161,0,0.0,0,37.19016028445161,0.05,0.060686827667945864,112.84764240628996,23.235325483018812,13.954834801432796,602.680053280389,13.954834801432753
133904,39,F,High School,Married,Less than $40k,32400.0,2021-05-31,18,8700,0.22927875234229644,739.0,0,0,0,0,0.0,0.0,0,39.894502907559584,0,0.0,0,39.894502907559584,0.05,0.06146393761711483,122.6036618988024,9.756019492512436,30.138483415047148,632.8185366954361,30.138483415047176
133904,39,F,High School,Married,Less than $40k,32400.0,2021-06-30,19,8700,0.21651188052684184,740.0,0,0,0,0,0.0,0.0,0,37.673067211670485,0,0.0,0,37.673067211670485,0.05,0.06082559402634209,114.57433459720839,-8.029327301594009,45.702394513264494,678.5209312087006,45.702394513264494
133904,39,F,High School,Married,Less than $40k,32400.0,2021-07-31,20,8700,0.20994752544523687,740.0,0,0,0,0,0.0,0.0,0,36.53086942747122,0,0.0,0,36.53086942747122,0.05,0.060497376272261844,110.50108766532964,-4.0732469318787565,40.60411635934997,719.1250475680506,40.60411635934997
133904,39,F,High School,Married,Less than $40k,32400.0,2021-08-31,21,8700,0.22988861531109483,739.0,0,0,0,0,0.0,0.0,0,40.000619064130504,0,0.0,0,40.000619064130504,0.05,0.06149443076555475,122.99076498092512,12.489677315595486,27.510941748535018,746.6359893165857,27.51094174853506
133904,39,F,High School,Married,Less than $40k,32400.0,2021-09-30,22,8700,0.18332325344994185,741.0,0,0,0,0,0.0,0.0,0,31.898246100289885,0,0.0,0,31.898246100289885,0.05,0.059166162672497094,94.36484088685486,-28.625924094070257,60.52417019436014,807.1601595109458,60.52417019436018
133904,39,F,High School,Married,Less than $40k,32400.0,2021-10-31,23,8700,0.24853154296558852,739.0,0,0,0,0,0.0,0.0,0,43.2444884760124,0,0.0,0,43.2444884760124,0.05,0.06242657714827943,134.98026980428347,40.6154289174286,2.6290595585837977,809.7892190695296,2.6290595585837764
133904,39,F,High School,Married,Less than $40k,32400.0,2021-11-30,24,8700,0.2079065410671097,740.0,0,0,0,0,0.0,0.0,0,36.17573814567709,0,0.0,100,136.1757381456771,0.05,0.060395327053355485,109.24227683523577,-25.737992969047696,161.91373111472478,971.7029501842544,161.91373111472478
133904,39,F,High School,Married,Less than $40k,32400.0,2021-12-31,25,8700,0.2055240025492171,740.0,0,0,0,0,0.0,0.0,0,35.76117644356378,0,0.0,0,35.76117644356378,0.05,0.060276200127460856,107.77739140528445,-1.4648854299513232,37.2260618735151,1008.9290120577695,37.22606187351505
133904,40,F,High School,Married,Less than $40k,32400.0,2022-01-31,26,8700,0.21490605119096784,740.0,0,0,0,0,0.0,0.0,0,37.3936529072284,0,0.0,0,37.3936529072284,0.05,0.060745302559548395,113.57443798281628,5.79704657753183,31.59660632969657,1040.525618387466,31.596606329696556
133904,40,F,High School,Married,Less than $40k,32400.0,2022-02-28,27,8700,0.17847300341919453,741.0,0,0,0,0,0.0,0.0,0,31.054302594939852,0,0.0,0,31.054302594939852,0.05,0.05892365017095973,91.49164312036811,-22.082794862448168,53.13709745738802,1093.6627158448541,53.13709745738811
133904,40,F,High School,Divorced,Less than $40k,32400.0,2022-03-31,28,8700,0.14013203114627584,740.0,0,0,1,0,0.0,0.0,0,24.382973419451996,0,0.0,0,24.382973419451996,0.05,0.057006601557313796,69.49952252526366,-21.992120595104453,46.37509401455645,1140.0378098594106,46.37509401455645
133904,40,F,High School,Divorced,Less than $40k,32400.0,2022-04-30,29,8700,0.15622600742096113,740.0,0,0,1,0,0.0,0.0,0,27.18332529124724,0,0.0,0,27.18332529124724,0.05,0.05781130037104806,78.57516917481007,9.075646649546414,18.107678641700826,1158.1454885011115,18.107678641700886
133904,40,F,High School,Divorced,Less than $40k,32400.0,2022-05-31,30,8700,0.17690408042498262,740.0,0,0,1,0,0.0,0.0,0,30.781309993946977,0,0.0,0,30.781309993946977,0.05,0.05884520402124913,90.56662333175623,11.991454156946162,18.789855837000815,1176.9353443381124,18.789855837000914
133904,40,F,High School,Divorced,Less than $40k,32400.0,2022-06-30,31,8700,0.1986269933600734,740.0,0,0,1,0,0.0,0.0,0,34.56109684465277,0,0.0,0,34.56109684465277,0.05,0.059931349668003675,103.56465899533117,12.998035663574939,21.563061181077835,1198.49840551919,21.563061181077728
133904,40,F,High School,Divorced,Less than $40k,32400.0,2022-07-31,32,8700,0.2193499114607852,740.0,0,0,1,0,1622.0925952525065,1622.0925952525065,1,38.16688459417662,0,33.26641564097015,0,71.43330023514677,0.05,0.060967495573039265,116.34696837660819,12.782309381277017,58.65099085386976,1257.14939637306,58.65099085386987
133904,40,F,High School,Divorced,Less than $40k,32400.0,2022-08-31,33,8700,0.5708985281011941,706.0,0,0,1,1,4221.79461530833,4221.79461530833,1,99.33634388960778,30,0.0,0,129.33634388960778,0.15,0.1785449264050597,886.8000104558861,770.4530420792779,-641.1166981896702,616.0326981833898,-641.1166981896702
133904,40,F,High School,Divorced,Less than $40k,32400.0,2022-09-30,34,8700,0.6364390407992842,688.0,0,0,1,2,4706.466706710707,4706.466706710707,1,8.91069825794092,30,0.0,0,38.91069825794092,0.4,0.4318219520399642,2391.006635885787,1504.2066254299011,-1465.29592717196,-849.2632289885703,-1465.29592717196
133904,40,F,High School,Divorced,Less than $40k,32400.0,2022-10-31,35,8700,0.7100268885939692,670.0,0,0,1,3,5250.648841152402,5250.648841152402,1,10.076980611460545,30,0.0,0,40.07698061146054,0.65,0.6855013444296985,4234.502164397894,1843.4955285121073,-1803.4185479006467,-2652.681776889217,-1803.4185479006467
133904,40,F,High School,Divorced,Less than $40k,32400.0,2022-11-30,36,8700,0.7835518169800412,660.0,0,0,1,4,5250.648841152402,5250.648841152402,1,0.0,0,0.0,100,100.0,0.72,0.759177590849002,5175.238332266313,940.7361678684183,-840.7361678684183,-3493.4179447576353,-840.7361678684183
133904,40,F,High School,Divorced,Less than $40k,32400.0,2022-12-31,37,8700,0.8508876433372179,642.0,0,0,1,5,5250.648841152402,5250.648841152402,1,0.0,0,0.0,0,0.0,0.8,0.8425443821668609,6237.122252616061,1061.8839203497482,-1061.8839203497482,-4555.3018651073835,-1061.8839203497482
133904,41,F,High School,Divorced,Less than $40k,32400.0,2023-01-31,38,8700,0.9190705861242274,624.0,0,0,1,6,5250.648841152402,5250.648841152402,1,0.0,0,0.0,0,0.0,0.84,0.8859535293062113,7084.0083162871015,846.8860636710406,-846.8860636710406,-5402.187928778424,-846.8860636710406
133904,41,F,High School,Divorced,Less than $40k,32400.0,2023-02-28,39,8700,0.9852333868149445,614.0,0,0,1,7,5250.648841152402,5250.648841152402,1,0.0,0,0.0,0,0.0,0.86,0.9,7714.377418761016,630.3691024739146,-630.3691024739146,-6032.557031252339,-630.3691024739146
