Customer ID,Customer Age,Gender,Education,Marital Status,Income Category,Income Numeric,Snapshot Month,Month on Book,Credit_Limit,Utilization,FICO,external_bank_credit_card_max_util_greater_than_50,external_bank_credit_card_max_util_greater_than_90,Credit_Inquiries,Delinquency,Revolving_Bal,Total_Debt,Debt_to_Income_Ratio,Interchange Fee,Late_Fee_Revenue,Monthly_Interest_Revenue,Annual_Fee,Total Revenue,GT90_Weight,GT50_Weight,ECL Ratio,ECL,ECL MoM Charge,Profit,Cumulative Profit,MoM Cumulative Profit Change
101709,40,M,College,Single,$120k+,189000,2020-12-31,1,16300,0.34662704319514037,755.0,0,0,1,0,0.0,38600.731946239546,0.059425698802154314,113.00041608161577,0,0.0,0,113.00041608161577,0.0,0.0,0.05,282.5010402040394,282.5010402040394,-169.50062412242363,-169.50062412242363,-169.50062412242363
101709,41,M,College,Single,$120k+,189000,2021-01-31,2,16300,0.33100600176109557,755.0,0,0,1,0,0.0,37664.77719010562,0.059425698802154314,107.90795657411716,0,0.0,0,107.90795657411716,0.0,0.0,0.05,269.7698914352929,-12.731148768746493,120.63910534286366,-48.86151877955997,120.63910534286366
101709,41,M,College,Single,$120k+,189000,2021-02-28,3,16300,0.319882560764134,756.0,0,0,1,0,0.0,36728.82243397168,0.059425698802154314,104.2817148091077,0,0.0,0,104.2817148091077,0.0,0.0,0.05,260.7042870227692,-9.065604412523669,113.34731922163137,64.4858004420714,113.34731922163137
101709,41,M,College,Single,$120k+,189000,2021-03-31,4,16300,0.2841078503940097,757.0,0,0,1,0,0.0,35792.867677837756,0.059425698802154314,92.61915922844717,0,0.0,0,92.61915922844717,0.0,0.0,0.05,231.5478980711179,-29.15638895165131,121.77554818009848,186.26134862216986,121.77554818009847
101709,41,M,College,Single,$120k+,189000,2021-04-30,5,16300,0.29594469117361866,757.0,0,0,1,0,0.0,34856.91292170383,0.059425698802154314,96.47796932259968,0,0.0,0,96.47796932259968,0.0,0.0,0.05,241.1949233064992,9.647025235381278,86.8309440872184,273.0922927093883,86.83094408721843
101709,41,M,College,Single,$120k+,189000,2021-05-31,6,16300,0.32525086290117683,755.0,0,0,1,0,0.0,33920.95816556989,0.059425698802154314,106.03178130578364,0,0.0,0,106.03178130578364,0.0,0.0,0.05,265.0794532644591,23.884529957959927,82.14725134782371,355.239544057212,82.14725134782373
101709,41,M,College,Single,$120k+,189000,2021-06-30,7,16300,0.3044221116249436,756.0,0,0,1,0,0.0,32985.003409435965,0.059425698802154314,99.24160838973161,0,0.0,0,99.24160838973161,0.0,0.0,0.05,248.10402097432902,-16.9754322901301,116.21704067986171,471.45658473707374,116.21704067986173
101709,41,M,College,Single,$120k+,189000,2021-07-31,8,16300,0.34220515838984994,755.0,0,0,1,0,0.0,32049.048653302034,0.059425698802154314,111.55888163509108,0,0.0,0,111.55888163509108,0.0,0.0,0.05,278.8972040877277,30.79318311339867,80.76569852169241,552.2222832587662,80.76569852169246
101709,41,M,College,Single,$120k+,189000,2021-08-31,9,16300,0.30709978888338846,756.0,0,0,1,0,0.0,31113.093897168103,0.059425698802154314,100.11453117598464,0,0.0,0,100.11453117598464,0.0,0.0,0.05,250.28632793996158,-28.610876147766106,128.72540732375074,680.947690582517,128.7254073237508
101709,41,M,College,Single,$120k+,189000,2021-09-30,10,16300,0.3379484168609522,755.0,0,0,1,0,0.0,30177.13914103417,0.059425698802154314,110.17118389667043,0,0.0,0,110.17118389667043,0.0,0.0,0.05,275.4279597416761,25.14163180171451,85.02955209495592,765.9772426774729,85.02955209495587
101709,41,M,College,Single,$120k+,189000,2021-10-31,11,16300,0.29778489439928724,757.0,0,0,1,0,0.0,29241.18438490024,0.059425698802154314,97.07787557416765,0,0.0,0,97.07787557416765,0.0,0.0,0.05,242.6946889354191,-32.733270806256996,129.81114638042465,895.7883890578976,129.8111463804247
101709,41,M,College,Single,$120k+,189000,2021-11-30,12,16300,0.3497084857877475,755.0,0,0,1,0,0.0,28305.229628766312,0.059425698802154314,114.00496636680568,0,0.0,100,214.00496636680566,0.0,0.0,0.05,285.0124159170142,42.317726981595115,171.68723938521055,1067.4756284431082,171.68723938521066
101709,41,M,College,Single,$120k+,189000,2021-12-31,13,16300,0.3477993494858664,755.0,0,0,0,0,0.0,27369.27487263238,0.059425698802154314,113.38258793239244,0,0.0,0,113.38258793239244,0.0,0.0,0.05,283.4564698309811,-1.5559460860330887,114.93853401842553,1182.4141624615338,114.93853401842557
101709,42,M,College,Single,$120k+,189000,2022-01-31,14,16300,0.28203734447374446,757.0,0,0,0,0,0.0,26433.32011649845,0.059425698802154314,91.94417429844069,0,0.0,0,91.94417429844069,0.0,0.0,0.05,229.86043574610173,-53.59603408487939,145.54020838332008,1327.9543708448539,145.54020838332008
101709,42,M,College,Single,$120k+,189000,2022-02-28,15,16300,0.28450101228440283,757.0,0,0,0,0,0.0,25497.36536036452,0.059425698802154314,92.74733000471534,0,0.0,0,92.74733000471534,0.0,0.0,0.05,231.8683250117883,2.007889265686572,90.73944073902877,1418.6938115838827,90.73944073902885
101709,42,M,College,Single,$120k+,189000,2022-03-31,16,16300,0.2904534346953897,757.0,0,0,0,0,0.0,24561.41060423059,0.059425698802154314,94.68781971069704,0,0.0,0,94.68781971069704,0.0,0.0,0.05,236.7195492767426,4.851224264954311,89.83659544574273,1508.5304070296254,89.83659544574266
101709,42,M,College,Single,$120k+,189000,2022-04-30,17,16300,0.34029687602550585,755.0,0,0,0,0,0.0,23625.45584809666,0.059425698802154314,110.9367815843149,0,0.0,0,110.9367815843149,0.0,0.0,0.05,277.34195396078724,40.622404684044625,70.31437690027028,1578.8447839298956,70.31437690027019
101709,42,M,College,Single,$120k+,189000,2022-05-31,18,16300,0.28962315154585366,757.0,0,0,0,0,0.0,22689.501091962728,0.059425698802154314,94.41714740394829,0,0.0,0,94.41714740394829,0.0,0.0,0.05,236.04286850987074,-41.29908545091649,135.71623285486478,1714.5610167847603,135.71623285486476
101709,42,M,College,Single,$120k+,189000,2022-06-30,19,16300,0.33603102668005824,755.0,0,0,0,0,0.0,21753.546335828796,0.059425698802154314,109.546114697699,0,0.0,0,109.546114697699,0.0,0.0,0.05,273.86528674424744,37.8224182343767,71.7236964633223,1786.2847132480827,71.72369646332231
101709,42,M,College,Single,$120k+,189000,2022-07-31,20,16300,0.3207464875571465,756.0,0,0,0,0,0.0,20817.59157969487,0.059425698802154314,104.56335494362976,0,0.0,0,104.56335494362976,0.0,0.0,0.05,261.4083873590744,-12.456899385173017,117.02025432880278,1903.3049675768855,117.02025432880282
101709,42,M,College,Single,$120k+,189000,2022-08-31,21,16300,0.3255828931035579,755.0,0,0,0,0,0.0,19881.636823560937,0.059425698802154314,106.14002315175989,0,0.0,0,106.14002315175989,0.0,0.0,0.05,265.3500578793997,3.9416705203252604,102.19835263143463,2005.50332020832,102.19835263143455
101709,42,M,College,Single,$120k+,189000,2022-09-30,22,16300,0.2851061996657367,757.0,0,0,0,0,0.0,18945.682067427006,0.059425698802154314,92.94462109103017,0,0.0,0,92.94462109103017,0.0,0.0,0.05,232.3615527275754,-32.988505151824285,125.93312624285446,2131.4364464511746,125.93312624285454
101709,42,M,College,Single,$120k+,189000,2022-10-31,23,16300,0.3468658415431306,755.0,0,0,0,0,0.0,18009.727311293078,0.059425698802154314,113.07826434306058,0,0.0,0,113.07826434306058,0.0,0.0,0.05,282.69566085765143,50.33410813007603,62.74415621298455,2194.1806026641593,62.74415621298476
101709,42,M,College,Single,$120k+,189000,2022-11-30,24,16300,0.3337231960509307,755.0,0,0,0,0,0.0,17073.772555159147,0.059425698802154314,108.7937619126034,0,0.0,100,208.7937619126034,0.0,0.0,0.05,271.98440478150854,-10.711256076142888,219.5050179887463,2413.6856206529055,219.5050179887462
101709,42,M,College,Single,$120k+,189000,2022-12-31,25,16300,0.30511840106351784,756.0,0,0,0,0,0.0,16137.817799025215,0.059425698802154314,99.46859874670682,0,0.0,0,99.46859874670682,0.0,0.0,0.05,248.67149686676703,-23.312907914741515,122.78150666144833,2536.467127314354,122.78150666144847
101709,43,M,College,Single,$120k+,189000,2023-01-31,26,16300,0.3067495129069714,756.0,0,0,0,0,0.0,15201.863042891284,0.059425698802154314,100.00034120767269,0,0.0,0,100.00034120767269,0.0,0.0,0.05,250.00085301918168,1.3293561524146469,98.67098505525804,2635.138112369612,98.67098505525792
101709,43,M,College,Single,$120k+,189000,2023-02-28,27,16300,0.32402718574469125,756.0,0,0,0,0,0.0,14265.908286757352,0.059425698802154314,105.63286255276935,0,0.0,0,105.63286255276935,0.0,0.0,0.05,264.08215638192337,14.081303362741693,91.55155919002766,2726.6896715596395,91.55155919002755
101709,43,M,College,Single,$120k+,189000,2023-03-31,28,16300,0.3486617409686104,755.0,0,0,0,0,0.0,13329.953530623425,0.059425698802154314,113.663727555767,0,0.0,0,113.663727555767,0.0,0.0,0.05,284.1593188894175,20.07716250749411,93.58656504827289,2820.2762366079123,93.58656504827286
101709,43,M,College,Single,$120k+,189000,2023-04-30,29,16300,0.312220134569371,756.0,0,0,0,0,0.0,12393.998774489493,0.059425698802154314,101.78376386961494,0,0.0,0,101.78376386961494,0.0,0.0,0.05,254.45940967403735,-29.69990921538013,131.48367308499508,2951.7599096929075,131.4836730849952
101709,43,M,College,Single,$120k+,189000,2023-05-31,30,16300,0.32870230790289817,755.0,0,0,0,0,0.0,11458.044018355562,0.059425698802154314,107.1569523763448,0,0.0,0,107.1569523763448,0.0,0.0,0.05,267.892380940862,13.432971266824637,93.72398110952017,3045.4838908024276,93.72398110952008
101709,43,M,College,Single,$120k+,189000,2023-06-30,31,16300,0.30656352832694644,756.0,0,0,0,0,0.0,10522.089262221634,0.059425698802154314,99.93971023458455,0,0.0,0,99.93971023458455,0.0,0.0,0.05,249.84927558646135,-18.043105354400637,117.98281558898519,3163.4667063914126,117.98281558898498
101709,43,M,College,Single,$120k+,189000,2023-07-31,32,16300,0.2893313343794314,757.0,0,0,0,0,0.0,9586.134506087703,0.059425698802154314,94.32201500769465,0,0.0,0,94.32201500769465,0.0,0.0,0.05,235.8050375192366,-14.04423806722474,108.36625307491938,3271.832959466332,108.36625307491931
101709,43,M,College,Single,$120k+,189000,2023-08-31,33,16300,0.2828336896992513,757.0,0,0,0,0,0.0,8650.179749953772,0.059425698802154314,92.20378284195593,0,0.0,0,92.20378284195593,0.0,0.0,0.05,230.50945710488983,-5.295580414346773,97.4993632563027,3369.3323227226347,97.49936325630279
101709,43,M,College,Single,$120k+,189000,2023-09-30,34,16300,0.2891888029915286,757.0,0,0,0,0,0.0,7714.22499381984,0.059425698802154314,94.27554977523833,0,0.0,0,94.27554977523833,0.0,0.0,0.05,235.6888744380958,5.179417333205976,89.09613244203236,3458.428455164667,89.09613244203229
101709,43,M,College,Single,$120k+,189000,2023-10-31,35,16300,0.34053073570966336,755.0,0,0,0,0,0.0,6778.270237685909,0.059425698802154314,111.01301984135026,0,0.0,0,111.01301984135026,0.0,0.0,0.05,277.5325496033756,41.84367516527982,69.16934467607044,3527.5977998407375,69.16934467607052
101709,43,M,College,Single,$120k+,189000,2023-11-30,36,16300,0.29565806036961684,757.0,0,0,0,0,0.0,5842.315481551981,0.059425698802154314,96.38452768049508,0,0.0,100,196.38452768049507,0.0,0.0,0.05,240.96131920123773,-36.5712304021379,232.95575808263297,3760.5535579233706,232.9557580826331
101709,43,M,College,Single,$120k+,189000,2023-12-31,37,16300,0.30503490209520145,756.0,0,0,0,0,0.0,4906.360725418046,0.059425698802154314,99.44137808303567,0,0.0,0,99.44137808303567,0.0,0.0,0.05,248.60344520758917,7.642126006351447,91.79925207668423,3852.352810000055,91.7992520766843
101709,44,M,College,Single,Less than $40k,0,2024-01-31,38,16300,0.21227110703871632,760.0,2,1,1,0,3114.0171402579685,11134.395005933984,8.4,3.4600190447310766,0,63.86330151812384,0,67.32332056285492,0.1,0.25,0.65,2249.0123790751995,2000.4089338676104,-1933.0856133047555,1919.2671966952994,-1933.0856133047555
101709,44,M,College,Single,Less than $40k,0,2024-02-29,39,16300,0.21056985692556487,760.0,2,1,1,0,3089.059801098037,10148.525571480193,8.600000000000001,3.4322886678867075,0,63.35146808751891,0,66.78375675540562,0.1,0.25,0.65,2230.98763412636,-18.024744948839725,84.80850170424534,2004.0756983995448,84.80850170424537
101709,44,M,College,Single,Less than $40k,0,2024-03-31,40,16300,0.6126472409367983,728.0,2,1,1,0,8987.53502454283,21009.521262235852,8.8,9.986150027269813,0,184.31936412833255,0,194.30551415560237,0.1,0.25,0.65,6490.997517725378,4260.009883599018,-4065.704369443416,-2061.6286710438712,-4065.704369443416
101709,44,M,College,Single,Less than $40k,0,2024-04-30,41,16300,0.8167680808101435,712.0,2,1,1,0,11981.987745484805,26062.471947985865,9.0,13.31331971720534,0,245.73059868031754,0,259.0439183975229,0.1,0.25,0.65,8653.657816183471,2162.660298458093,-1903.6163800605702,-3965.2450511044417,-1903.6163800605705
101709,44,M,College,Single,Less than $40k,0,2024-05-31,42,16300,0.987211170212162,704.0,2,2,1,0,16091.54207445824,33345.62584979881,9.200000000000001,16.091542074458243,0,330.0107087103477,0,346.10225078480596,0.15,0.25,0.8500000000000001,13677.810763289506,5024.152947106035,-4678.050696321229,-8643.295747425671,-4678.050696321229
101709,44,M,College,Single,Less than $40k,0,2024-06-30,43,16300,0.9944542995688385,704.0,2,2,1,0,16209.605082972066,32645.797110692532,9.4,16.209605082972068,0,332.43198424328546,0,348.64158932625753,0.15,0.25,0.8500000000000001,13778.164320526259,100.35355723675275,248.28803208950478,-8395.007715336165,248.28803208950558
101709,44,M,College,Single,Less than $40k,0,2024-07-31,44,16300,0.9885844104840976,704.0,2,2,1,0,16113.92589089079,31518.483970396046,9.6,16.11392589089079,0,330.46976347901864,0,346.58368936990945,0.15,0.25,0.8500000000000001,13696.837007257174,-81.3273132690847,427.91100263899415,-7967.096712697171,427.91100263899443
101709,44,M,College,Single,Less than $40k,0,2024-08-31,45,16300,0.98753722792344,704.0,2,2,1,0,16096.856815152072,30548.39106278468,9.8,16.096856815152073,0,330.1197051840771,0,346.21656199922916,0.15,0.25,0.8500000000000001,13682.328292879263,-14.50871437791102,360.7252763771402,-7606.371436320031,360.7252763771403
101709,44,M,College,Single,Less than $40k,0,2024-09-30,46,16300,0.9908625987679693,704.0,2,2,1,0,16151.0603599179,29720.84339618241,10.0,16.151060359917903,0,331.2313295479829,0,347.3823899079008,0.15,0.25,0.8500000000000001,13728.401305930218,46.073013050954614,301.3093768569462,-7305.062059463085,301.3093768569461
101709,44,M,College,Single,Less than $40k,0,2024-10-31,47,16300,0.9888574884077495,704.0,2,2,1,0,16118.377061046316,28719.522042305307,10.200000000000001,16.118377061046317,0,330.5610495602915,0,346.6794266213378,0.15,0.25,0.8500000000000001,13700.62050188937,-27.780804040847215,374.46023066218504,-6930.6018288009,374.4602306621846
101710,40,M,College,Single,$120k+,189000,2020-12-31,1,15000,0.28581157141812924,757.0,0,0,1,0,0.0,38604.24443873121,0.06197285126546464,85.74347142543877,0,0.0,0,85.74347142543877,0.0,0.0,0.05,214.35867856359692,214.35867856359692,-128.61520713815815,-128.61520713815815,-128.61520713815815
101710,41,M,College,Single,$120k+,189000,2021-01-31,2,15000,0.3062901030789704,756.0,0,0,1,0,0.0,37628.17203130014,0.06197285126546464,91.88703092369113,0,0.0,0,91.88703092369113,0.0,0.0,0.05,229.7175773092278,15.358898745630881,76.52813217806025,-52.08707496009791,76.52813217806025
101710,41,M,College,Single,$120k+,189000,2021-02-28,3,15000,0.30800272895440167,756.0,0,0,1,0,0.0,36652.09962386908,0.06197285126546464,92.4008186863205,0,0.0,0,92.4008186863205,0.0,0.0,0.05,231.00204671580124,1.284469406573436,91.11634927974707,39.02927431964916,91.11634927974707
101710,41,M,College,Single,$120k+,189000,2021-03-31,4,15000,0.3170258993725354,756.0,0,0,1,0,0.0,35676.02721643801,0.06197285126546464,95.1077698117606,0,0.0,0,95.1077698117606,0.0,0.0,0.05,237.76942452940153,6.767377813600291,88.34039199816031,127.36966631780948,88.34039199816031
101710,41,M,College,Single,$120k+,189000,2021-04-30,5,15000,0.3328751434336723,755.0,0,0,1,0,0.0,34699.954809006944,0.06197285126546464,99.8625430301017,0,0.0,0,99.8625430301017,0.0,0.0,0.05,249.65635757525422,11.886933045852686,87.97560998424902,215.3452763020585,87.97560998424902
101710,41,M,College,Single,$120k+,189000,2021-05-31,6,15000,0.31647650490562906,756.0,0,0,1,0,0.0,33723.88240157587,0.06197285126546464,94.94295147168872,0,0.0,0,94.94295147168872,0.0,0.0,0.05,237.3573786792218,-12.298978896032423,107.24193036772114,322.5872066697796,107.24193036772112
101710,41,M,College,Single,$120k+,189000,2021-06-30,7,15000,0.31313555573875734,756.0,0,0,1,0,0.0,32747.809994144805,0.06197285126546464,93.94066672162721,0,0.0,0,93.94066672162721,0.0,0.0,0.05,234.851666804068,-2.505711875153793,96.446378596781,419.03358526656064,96.44637859678102
101710,41,M,College,Single,$120k+,189000,2021-07-31,8,15000,0.284454984738844,757.0,0,0,1,0,0.0,31771.737586713738,0.06197285126546464,85.3364954216532,0,0.0,0,85.3364954216532,0.0,0.0,0.05,213.341238554133,-21.51042824993499,106.84692367158819,525.8805089381489,106.84692367158823
101710,41,M,College,Single,$120k+,189000,2021-08-31,9,15000,0.28547297476992234,757.0,0,0,1,0,0.0,30795.665179282667,0.06197285126546464,85.6418924309767,0,0.0,0,85.6418924309767,0.0,0.0,0.05,214.10473107744176,0.7634925233087415,84.87839990766795,610.7589088458168,84.87839990766793
101710,41,M,College,Single,$120k+,189000,2021-09-30,10,15000,0.3025541830767926,756.0,0,0,1,0,0.0,29819.592771851603,0.06197285126546464,90.76625492303778,0,0.0,0,90.76625492303778,0.0,0.0,0.05,226.91563730759447,12.81090623015271,77.95534869288507,688.7142575387019,77.95534869288508
101710,41,M,College,Single,$120k+,189000,2021-10-31,11,15000,0.2947236044109242,757.0,0,0,1,0,0.0,28843.520364420532,0.06197285126546464,88.41708132327727,0,0.0,0,88.41708132327727,0.0,0.0,0.05,221.04270330819315,-5.872933999401312,94.29001532267858,783.0042728613805,94.29001532267864
101710,41,M,College,Single,$120k+,189000,2021-11-30,12,15000,0.3029400092009265,756.0,0,0,1,0,0.0,27867.447956989465,0.06197285126546464,90.88200276027796,0,0.0,100,190.88200276027794,0.0,0.0,0.05,227.20500690069488,6.162303592501729,184.7196991677762,967.7239720291567,184.71969916777618
101710,41,M,College,Single,$120k+,189000,2021-12-31,13,15000,0.3161730891719091,756.0,0,0,0,0,0.0,26891.375549558397,0.06197285126546464,94.85192675157273,0,0.0,0,94.85192675157273,0.0,0.0,0.05,237.12981687893185,9.924809978236965,84.92711677333577,1052.6510888024925,84.9271167733358
101710,42,M,College,Single,$120k+,189000,2022-01-31,14,15000,0.3103702514958022,756.0,0,0,0,0,0.0,25915.303142127326,0.06197285126546464,93.11107544874066,0,0.0,0,93.11107544874066,0.0,0.0,0.05,232.77768862185167,-4.352128257080182,97.46320370582085,1150.1142925083134,97.46320370582089
101710,42,M,College,Single,$120k+,189000,2022-02-28,15,15000,0.33125934076940217,755.0,0,0,0,0,0.0,24939.230734696263,0.06197285126546464,99.37780223082065,0,0.0,0,99.37780223082065,0.0,0.0,0.05,248.44450557705161,15.666816955199948,83.7109852756207,1233.825277783934,83.71098527562071
101710,42,M,College,Single,$120k+,189000,2022-03-31,16,15000,0.34680194874743997,755.0,0,0,0,0,0.0,23963.15832726519,0.06197285126546464,104.040584624232,0,0.0,0,104.040584624232,0.0,0.0,0.05,260.10146156058,11.656955983528377,92.38362864070362,1326.2089064246377,92.38362864070359
101710,42,M,College,Single,$120k+,189000,2022-04-30,17,15000,0.30141117214390306,756.0,0,0,0,0,0.0,22987.085919834124,0.06197285126546464,90.42335164317092,0,0.0,0,90.42335164317092,0.0,0.0,0.05,226.0583791079273,-34.0430824526527,124.46643409582362,1450.6753405204613,124.46643409582362
101710,42,M,College,Single,$120k+,189000,2022-05-31,18,15000,0.3356985390976693,755.0,0,0,0,0,0.0,22011.013512403057,0.06197285126546464,100.70956172930079,0,0.0,0,100.70956172930079,0.0,0.0,0.05,251.77390432325197,25.715525215324675,74.99403651397611,1525.6693770344375,74.9940365139762
101710,42,M,College,Single,$120k+,189000,2022-06-30,19,15000,0.32843847831444245,755.0,0,0,0,0,0.0,21034.94110497199,0.06197285126546464,98.53154349433272,0,0.0,0,98.53154349433272,0.0,0.0,0.05,246.32885873583183,-5.4450455874201396,103.97658908175286,1629.6459661161903,103.97658908175276
101710,42,M,College,Single,$120k+,189000,2022-07-31,20,15000,0.3364259322063915,755.0,0,0,0,0,0.0,20058.86869754092,0.06197285126546464,100.92777966191746,0,0.0,0,100.92777966191746,0.0,0.0,0.05,252.31944915479363,5.990590418961801,94.93718924295565,1724.5831553591458,94.93718924295558
101710,42,M,College,Single,$120k+,189000,2022-08-31,21,15000,0.30780212629121245,756.0,0,0,0,0,0.0,19082.79629010985,0.06197285126546464,92.34063788736374,0,0.0,0,92.34063788736374,0.0,0.0,0.05,230.85159471840933,-21.4678544363843,113.80849232374804,1838.3916476828938,113.80849232374794
101710,42,M,College,Single,$120k+,189000,2022-09-30,22,15000,0.34679804181210583,755.0,0,0,0,0,0.0,18106.723882678783,0.06197285126546464,104.03941254363176,0,0.0,0,104.03941254363176,0.0,0.0,0.05,260.09853135907935,29.246936640670015,74.79247590296174,1913.1841235858556,74.79247590296177
101710,42,M,College,Single,$120k+,189000,2022-10-31,23,15000,0.2829860495666422,757.0,0,0,0,0,0.0,17130.651475247716,0.06197285126546464,84.89581486999266,0,0.0,0,84.89581486999266,0.0,0.0,0.05,212.23953717498165,-47.858994184097696,132.75480905409034,2045.938932639946,132.7548090540904
101710,42,M,College,Single,$120k+,189000,2022-11-30,24,15000,0.2982404584362363,757.0,0,0,0,0,0.0,16154.579067816649,0.06197285126546464,89.4721375308709,0,0.0,100,189.4721375308709,0.0,0.0,0.05,223.68034382717724,11.44080665219559,178.0313308786753,2223.9702635186213,178.03133087867536
101710,42,M,College,Single,$120k+,189000,2022-12-31,25,15000,0.2849762391255669,757.0,0,0,0,0,0.0,15178.506660385581,0.06197285126546464,85.49287173767007,0,0.0,0,85.49287173767007,0.0,0.0,0.05,213.7321793441752,-9.948164483002046,95.44103622067212,2319.4112997392936,95.44103622067223
101710,43,M,College,Single,$120k+,189000,2023-01-31,26,15000,0.3215873176134684,756.0,0,0,0,0,0.0,14202.43425295451,0.06197285126546464,96.47619528404053,0,0.0,0,96.47619528404053,0.0,0.0,0.05,241.1904882101013,27.458308865926114,69.01788641811441,2388.429186157408,69.01788641811436
101710,43,M,College,Single,$120k+,189000,2023-02-28,27,15000,0.30872946717511285,756.0,0,0,0,0,0.0,13226.361845523443,0.06197285126546464,92.61884015253385,0,0.0,0,92.61884015253385,0.0,0.0,0.05,231.54710038133464,-9.643387828766663,102.26222798130051,2490.6914141387083,102.26222798130038
101710,43,M,College,Single,$120k+,189000,2023-03-31,28,15000,0.3216355070799246,756.0,0,0,0,0,0.0,12250.289438092375,0.06197285126546464,96.49065212397738,0,0.0,0,96.49065212397738,0.0,0.0,0.05,241.22663030994346,9.679529928608815,86.81112219536857,2577.502536334077,86.81112219536863
101710,43,M,College,Single,$120k+,189000,2023-04-30,29,15000,0.3400868711893147,755.0,0,0,0,0,0.0,11274.217030661308,0.06197285126546464,102.0260613567944,0,0.0,0,102.0260613567944,0.0,0.0,0.05,255.06515339198603,13.83852308204257,88.18753827475183,2665.6900746088286,88.18753827475166
101710,43,M,College,Single,$120k+,189000,2023-05-31,30,15000,0.3271065744850197,755.0,0,0,0,0,0.0,10298.14462323024,0.06197285126546464,98.13197234550591,0,0.0,0,98.13197234550591,0.0,0.0,0.05,245.32993086376476,-9.735222528221271,107.86719487372719,2773.557269482556,107.86719487372739
101710,43,M,College,Single,$120k+,189000,2023-06-30,31,15000,0.332324076276614,755.0,0,0,0,0,0.0,9322.07221579917,0.06197285126546464,99.69722288298419,0,0.0,0,99.69722288298419,0.0,0.0,0.05,249.24305720746048,3.9131263436957227,95.78409653928847,2869.3413660218444,95.78409653928838
101710,43,M,College,Single,$120k+,189000,2023-07-31,32,15000,0.3258882152515715,755.0,0,0,0,0,0.0,8345.999808368102,0.06197285126546464,97.76646457547146,0,0.0,0,97.76646457547146,0.0,0.0,0.05,244.41616143867864,-4.826895768781839,102.5933603442533,2971.9347263660975,102.59336034425314
101710,43,M,College,Single,$120k+,189000,2023-08-31,33,15000,0.29561683801843264,757.0,0,0,0,0,0.0,7369.927400937035,0.06197285126546464,88.68505140552979,0,0.0,0,88.68505140552979,0.0,0.0,0.05,221.71262851382448,-22.70353292485416,111.38858433038395,3083.3233106964813,111.38858433038376
101710,43,M,College,Single,$120k+,189000,2023-09-30,34,15000,0.28055860854346787,757.0,0,0,0,0,0.0,6393.854993505967,0.06197285126546464,84.16758256304036,0,0.0,0,84.16758256304036,0.0,0.0,0.05,210.4189564076009,-11.293672106223596,95.46125466926395,3178.784565365745,95.46125466926378
101710,43,M,College,Single,$120k+,189000,2023-10-31,35,15000,0.3390538491750916,755.0,0,0,0,0,0.0,5417.7825860749,0.06197285126546464,101.71615475252749,0,0.0,0,101.71615475252749,0.0,0.0,0.05,254.2903868813187,43.87143047371782,57.844724278809664,3236.629289644555,57.844724278809736
101710,43,M,College,Single,$120k+,189000,2023-11-30,36,15000,0.3390331014279841,755.0,0,0,0,0,0.0,4441.710178643829,0.06197285126546464,101.70993042839524,0,0.0,100,201.70993042839524,0.0,0.0,0.05,254.27482607098807,-0.015560810330640606,201.72549123872588,3438.3547808832805,201.72549123872568
101710,43,M,College,Single,$120k+,189000,2023-12-31,37,15000,0.3038936123726531,756.0,0,0,0,0,0.0,3465.637771212765,0.06197285126546464,91.16808371179593,0,0.0,0,91.16808371179593,0.0,0.0,0.05,227.92020927948982,-26.354616791498245,117.52270050329417,3555.877481386575,117.52270050329435
101710,44,M,College,Single,Less than $40k,0,2024-01-31,38,15000,0.2148055763368816,760.0,2,1,1,0,2899.875280547902,9265.388332308568,8.4,3.2220836450532246,0,59.47160887856989,0,62.69369252362311,0.1,0.25,0.65,2094.3543692845956,1866.4341600051057,-1803.7404674814825,1752.1370139050923,-1803.7404674814825
101710,44,M,College,Single,Less than $40k,0,2024-02-29,39,15000,0.21699864494165128,760.0,2,1,1,0,2929.481706712292,8348.528777206278,8.600000000000001,3.2549796741247694,0,60.07878733515793,0,63.333767009282695,0.1,0.25,0.65,2115.7367881811,21.382418896504532,41.95134811277816,1794.0883620178704,41.95134811277808
101710,44,M,College,Single,Less than $40k,0,2024-03-31,40,15000,0.6178640652693247,728.0,2,1,1,0,8341.164881135883,18195.82271862239,8.8,9.26796097903987,0,171.0633897706284,0,180.33135074966827,0.1,0.25,0.65,6024.174636375916,3908.4378481948156,-3728.1064974451474,-1934.018135427277,-3728.1064974451474
101710,44,M,College,Single,Less than $40k,0,2024-04-30,41,15000,0.8154860179580556,712.0,2,1,1,0,11009.061242433752,22555.543033787064,9.0,12.232290269370836,0,225.7774976469122,0,238.00978791628302,0.1,0.25,0.65,7950.988675091043,1926.814038715127,-1688.804250798844,-3622.822386226121,-1688.8042507988441
101710,44,M,College,Single,Less than $40k,0,2024-05-31,42,15000,0.9868554671041245,704.0,2,2,1,0,14802.832006561868,29167.012154612225,9.200000000000001,14.80283200656187,0,303.58141306790634,0,318.3842450744682,0.15,0.25,0.8500000000000001,12582.407205577589,4631.418530486546,-4313.034285412078,-7935.856671638199,-4313.034285412078
101710,44,M,College,Single,Less than $40k,0,2024-06-30,43,15000,0.9981625831106232,704.0,2,2,1,0,14972.438746659349,28530.153227376122,9.4,14.97243874665935,0,307.0597646294055,0,322.03220337606484,0.15,0.25,0.8500000000000001,12726.572934660448,144.1657290828589,177.86647429320595,-7757.990197344993,177.866474293206
101710,44,M,College,Single,Less than $40k,0,2024-07-31,44,15000,0.9898862888688983,704.0,2,2,1,0,14848.294333033475,27305.791992693303,9.6,14.848294333033476,0,304.51376961329487,0,319.36206394632836,0.15,0.25,0.8500000000000001,12621.050183078454,-105.52275158199336,424.8848155283217,-7333.105381816671,424.8848155283222
101710,44,M,College,Single,Less than $40k,0,2024-08-31,45,15000,0.983352865659893,704.0,2,2,1,0,14750.292984898395,26133.716888992072,9.8,14.750292984898397,0,302.5039252986246,0,317.254218283523,0.15,0.25,0.8500000000000001,12537.749037163638,-83.30114591481652,400.55536419833953,-6932.550017618331,400.5553641983397
101710,44,M,College,Single,Less than $40k,0,2024-09-30,46,15000,0.9961745491354936,704.0,2,2,1,0,14942.618237032404,25542.294985829027,10.0,14.942618237032406,0,306.4481956778062,0,321.39081391483865,0.15,0.25,0.8500000000000001,12701.225501477546,163.47646431390785,157.9143496009308,-6774.6356680174,157.91434960093102
101710,44,M,College,Single,Less than $40k,0,2024-10-31,47,15000,0.9968656787695265,704.0,2,2,1,0,14952.985181542897,24586.956467418942,10.200000000000001,14.9529851815429,0,306.6608044314756,0,321.61378961301847,0.15,0.25,0.8500000000000001,12710.037404311464,8.811902833918793,312.8018867790997,-6461.833781238301,312.80188677909973
101711,40,M,College,Single,$120k+,189000,2020-12-31,1,15500,0.29565233964848936,757.0,0,0,1,0,0.0,38668.10505172344,0.057738539493742254,91.6522252910317,0,0.0,0,91.6522252910317,0.0,0.0,0.05,229.13056322757924,229.13056322757924,-137.47833793654755,-137.47833793654755,-137.47833793654755
101711,41,M,College,Single,$120k+,189000,2021-01-31,2,15500,0.31077594479498266,756.0,0,0,1,0,0.0,37758.723054697,0.057738539493742254,96.34054288644462,0,0.0,0,96.34054288644462,0.0,0.0,0.05,240.85135721611155,11.720793988532307,84.61974889791232,-52.85858903863523,84.61974889791232
101711,41,M,College,Single,$120k+,189000,2021-02-28,3,15500,0.3457753995055032,755.0,0,0,1,0,0.0,36849.34105767056,0.057738539493742254,107.190373846706,0,0.0,0,107.190373846706,0.0,0.0,0.05,267.97593461676496,27.124577400653408,80.06579644605259,27.207207407417357,80.06579644605259
101711,41,M,College,Single,$120k+,189000,2021-03-31,4,15500,0.31937802995622566,756.0,0,0,1,0,0.0,35939.95906064412,0.057738539493742254,99.00718928642995,0,0.0,0,99.00718928642995,0.0,0.0,0.05,247.5179732160749,-20.457961400690067,119.46515068712002,146.67235809453737,119.46515068712002
101711,41,M,College,Single,$120k+,189000,2021-04-30,5,15500,0.3319198922655841,755.0,0,0,1,0,0.0,35030.577063617675,0.057738539493742254,102.89516660233107,0,0.0,0,102.89516660233107,0.0,0.0,0.05,257.2379165058277,9.719943289752791,93.17522331257828,239.84758140711565,93.17522331257828
101711,41,M,College,Single,$120k+,189000,2021-05-31,6,15500,0.3143385040537687,756.0,0,0,1,0,0.0,34121.19506659124,0.057738539493742254,97.4449362566683,0,0.0,0,97.4449362566683,0.0,0.0,0.05,243.61234064167073,-13.625575864156957,111.07051212082526,350.9180935279409,111.07051212082527
101711,41,M,College,Single,$120k+,189000,2021-06-30,7,15500,0.345256329588969,755.0,0,0,1,0,0.0,33211.8130695648,0.057738539493742254,107.0294621725804,0,0.0,0,107.0294621725804,0.0,0.0,0.05,267.57365543145096,23.961314789780232,83.06814738280016,433.9862409107411,83.06814738280019
101711,41,M,College,Single,$120k+,189000,2021-07-31,8,15500,0.3113832317400607,756.0,0,0,1,0,0.0,32302.431072538355,0.057738539493742254,96.52880183941883,0,0.0,0,96.52880183941883,0.0,0.0,0.05,241.32200459854707,-26.25165083290389,122.78045267232272,556.7666935830639,122.78045267232278
101711,41,M,College,Single,$120k+,189000,2021-08-31,9,15500,0.3427949702571175,755.0,0,0,1,0,0.0,31393.049075511917,0.057738539493742254,106.26644077970643,0,0.0,0,106.26644077970643,0.0,0.0,0.05,265.6661019492661,24.34409735071901,81.92234342898742,638.6890370120514,81.92234342898746
101711,41,M,College,Single,$120k+,189000,2021-09-30,10,15500,0.3140130315371112,756.0,0,0,1,0,0.0,30483.667078485476,0.057738539493742254,97.34403977650447,0,0.0,0,97.34403977650447,0.0,0.0,0.05,243.36009944126118,-22.306002508004894,119.65004228450937,758.3390792965607,119.65004228450937
101711,41,M,College,Single,$120k+,189000,2021-10-31,11,15500,0.31652539069593694,756.0,0,0,1,0,0.0,29574.285081459035,0.057738539493742254,98.12287111574045,0,0.0,0,98.12287111574045,0.0,0.0,0.05,245.30717778935113,1.9470783480899456,96.1757927676505,854.5148720642112,96.17579276765048
101711,41,M,College,Single,$120k+,189000,2021-11-30,12,15500,0.312949203521763,756.0,0,0,1,0,0.0,28664.903084432597,0.057738539493742254,97.01425309174653,0,0.0,100,197.01425309174653,0.0,0.0,0.05,242.5356327293663,-2.771545059984817,199.78579815173134,1054.3006702159425,199.78579815173134
101711,41,M,College,Single,$120k+,189000,2021-12-31,13,15500,0.30943970812139276,756.0,0,0,0,0,0.0,27755.521087406152,0.057738539493742254,95.92630951763176,0,0.0,0,95.92630951763176,0.0,0.0,0.05,239.8157737940794,-2.719858935286908,98.64616845291867,1152.9468386688611,98.64616845291857
101711,42,M,College,Single,$120k+,189000,2022-01-31,14,15500,0.31314078927984484,756.0,0,0,0,0,0.0,26846.139090379715,0.057738539493742254,97.0736446767519,0,0.0,0,97.0736446767519,0.0,0.0,0.05,242.68411169187976,2.868337897800359,94.20530677895154,1247.1521454478127,94.20530677895158
101711,42,M,College,Single,$120k+,189000,2022-02-28,15,15500,0.2967289430171759,757.0,0,0,0,0,0.0,25936.757093353273,0.057738539493742254,91.98597233532453,0,0.0,0,91.98597233532453,0.0,0.0,0.05,229.96493083831132,-12.719180853568446,104.70515318889298,1351.8572986367058,104.70515318889306
101711,42,M,College,Single,$120k+,189000,2022-03-31,16,15500,0.3277084325739845,755.0,0,0,0,0,0.0,25027.375096326832,0.057738539493742254,101.58961409793521,0,0.0,0,101.58961409793521,0.0,0.0,0.05,253.974035244838,24.00910440652669,77.58050969140852,1429.4378083281142,77.58050969140845
101711,42,M,College,Single,$120k+,189000,2022-04-30,17,15500,0.28612409613078904,757.0,0,0,0,0,0.0,24117.993099300395,0.057738539493742254,88.69846980054461,0,0.0,0,88.69846980054461,0.0,0.0,0.05,221.7461745013615,-32.2278607434765,120.92633054402111,1550.3641388721353,120.92633054402108
101711,42,M,College,Single,$120k+,189000,2022-05-31,18,15500,0.2924687070331852,757.0,0,0,0,0,0.0,23208.61110227395,0.057738539493742254,90.66529918028742,0,0.0,0,90.66529918028742,0.0,0.0,0.05,226.66324795071856,4.917073449357048,85.74822573093037,1636.1123646030658,85.74822573093047
101711,42,M,College,Single,$120k+,189000,2022-06-30,19,15500,0.31981912719907124,756.0,0,0,0,0,0.0,22299.229105247512,0.057738539493742254,99.14392943171208,0,0.0,0,99.14392943171208,0.0,0.0,0.05,247.8598235792802,21.196575628561646,77.94735380315043,1714.0597184062162,77.94735380315046
101711,42,M,College,Single,$120k+,189000,2022-07-31,20,15500,0.31781154328472583,756.0,0,0,0,0,0.0,21389.84710822107,0.057738539493742254,98.521578418265,0,0.0,0,98.521578418265,0.0,0.0,0.05,246.3039460456625,-1.5558775336176893,100.07745595188268,1814.137174358099,100.07745595188271
101711,42,M,College,Single,$120k+,189000,2022-08-31,21,15500,0.3284443107308397,755.0,0,0,0,0,0.0,20480.46511119463,0.057738539493742254,101.8177363265603,0,0.0,0,101.8177363265603,0.0,0.0,0.05,254.54434081640076,8.240394770738249,93.57734155582204,1907.7145159139209,93.57734155582193
101711,42,M,College,Single,$120k+,189000,2022-09-30,22,15500,0.3245243655093949,756.0,0,0,0,0,0.0,19571.083114168192,0.057738539493742254,100.60255330791243,0,0.0,0,100.60255330791243,0.0,0.0,0.05,251.50638326978105,-3.037957546619708,103.64051085453214,2011.355026768453,103.64051085453207
101711,42,M,College,Single,$120k+,189000,2022-10-31,23,15500,0.34228211296962735,755.0,0,0,0,0,0.0,18661.70111714175,0.057738539493742254,106.10745502058448,0,0.0,0,106.10745502058448,0.0,0.0,0.05,265.2686375514612,13.762254281680157,92.34520073890432,2103.7002275073573,92.3452007389044
101711,42,M,College,Single,$120k+,189000,2022-11-30,24,15500,0.29440524437728277,757.0,0,0,0,0,0.0,17752.31912011531,0.057738539493742254,91.26562575695765,0,0.0,100,191.26562575695766,0.0,0.0,0.05,228.16406439239415,-37.10457315906706,228.37019891602472,2332.070426423382,228.3701989160245
101711,42,M,College,Single,$120k+,189000,2022-12-31,25,15500,0.30455016604760793,756.0,0,0,0,0,0.0,16842.93712308887,0.057738539493742254,94.41055147475845,0,0.0,0,94.41055147475845,0.0,0.0,0.05,236.02637868689615,7.862314294501999,86.54823718025645,2418.618663603638,86.54823718025636
101711,43,M,College,Single,$120k+,189000,2023-01-31,26,15500,0.3230886286874669,756.0,0,0,0,0,0.0,15933.555126062427,0.057738539493742254,100.15747489311474,0,0.0,0,100.15747489311474,0.0,0.0,0.05,250.39368723278685,14.367308545890694,85.79016634722404,2504.408829950862,85.79016634722393
101711,43,M,College,Single,$120k+,189000,2023-02-28,27,15500,0.30435190535512124,756.0,0,0,0,0,0.0,15024.17312903599,0.057738539493742254,94.34909066008758,0,0.0,0,94.34909066008758,0.0,0.0,0.05,235.87272665021897,-14.52096058256788,108.87005124265546,2613.2788811935175,108.87005124265534
101711,43,M,College,Single,$120k+,189000,2023-03-31,28,15500,0.31938044481657046,756.0,0,0,0,0,0.0,14114.791132009548,0.057738539493742254,99.00793789313684,0,0.0,0,99.00793789313684,0.0,0.0,0.05,247.5198447328421,11.647118082623138,87.3608198105137,2700.639701004031,87.36081981051348
101711,43,M,College,Single,$120k+,189000,2023-04-30,29,15500,0.28882688421671093,757.0,0,0,0,0,0.0,13205.409134983107,0.057738539493742254,89.5363341071804,0,0.0,0,89.5363341071804,0.0,0.0,0.05,223.84083526795098,-23.679009464891124,113.21534357207152,2813.8550445761025,113.21534357207156
101711,43,M,College,Single,$120k+,189000,2023-05-31,30,15500,0.31765999317337473,756.0,0,0,0,0,0.0,12296.027137956666,0.057738539493742254,98.47459788374617,0,0.0,0,98.47459788374617,0.0,0.0,0.05,246.1864947093654,22.345659441414426,76.12893844233174,2889.983983018434,76.12893844233167
101711,43,M,College,Single,$120k+,189000,2023-06-30,31,15500,0.3118172668326002,756.0,0,0,0,0,0.0,11386.645140930228,0.057738539493742254,96.66335271810605,0,0.0,0,96.66335271810605,0.0,0.0,0.05,241.65838179526514,-4.528112914100262,101.19146563220632,2991.1754486506406,101.19146563220647
101711,43,M,College,Single,$120k+,189000,2023-07-31,32,15500,0.3446715757905896,755.0,0,0,0,0,0.0,10477.263143903787,0.057738539493742254,106.84818849508278,0,0.0,0,106.84818849508278,0.0,0.0,0.05,267.12047123770697,25.462089442441822,81.38609905264096,3072.5615477032816,81.38609905264093
101711,43,M,College,Single,$120k+,189000,2023-08-31,33,15500,0.29500283587722714,757.0,0,0,0,0,0.0,9567.881146877346,0.057738539493742254,91.45087912194042,0,0.0,0,91.45087912194042,0.0,0.0,0.05,228.62719780485102,-38.49327343285594,129.94415255479635,3202.505700258078,129.94415255479635
101711,43,M,College,Single,$120k+,189000,2023-09-30,34,15500,0.2905820310879931,757.0,0,0,0,0,0.0,8658.499149850904,0.057738539493742254,90.08042963727785,0,0.0,0,90.08042963727785,0.0,0.0,0.05,225.20107409319462,-3.426123711656402,93.50655334893425,3296.012253607012,93.50655334893418
101711,43,M,College,Single,$120k+,189000,2023-10-31,35,15500,0.33186651359927677,755.0,0,0,0,0,0.0,7749.117152824463,0.057738539493742254,102.8786192157758,0,0.0,0,102.8786192157758,0.0,0.0,0.05,257.1965480394395,31.995473946244886,70.88314526953091,3366.895398876543,70.88314526953081
101711,43,M,College,Single,$120k+,189000,2023-11-30,36,15500,0.30071704948749983,756.0,0,0,0,0,0.0,6839.7351557980255,0.057738539493742254,93.22228534112496,0,0.0,100,193.22228534112497,0.0,0.0,0.05,233.05571335281238,-24.14083468662713,217.3631200277521,3584.258518904295,217.3631200277523
101711,43,M,College,Single,$120k+,189000,2023-12-31,37,15500,0.29263749316669607,757.0,0,0,0,0,0.0,5930.353158771584,0.057738539493742254,90.71762288167578,0,0.0,0,90.71762288167578,0.0,0.0,0.05,226.79405720418944,-6.261656148622933,96.97927903029871,3681.237797934594,96.97927903029858
101711,44,M,College,Single,Less than $40k,0,2024-01-31,38,15500,0.21502246559789762,760.0,2,1,1,0,2999.5633950906717,11929.479948952929,8.4,3.332848216767413,0,61.51604596098453,0,64.84889417775194,0.1,0.25,0.65,2166.3513408988183,1939.557283694629,-1874.708389516877,1806.5294084177167,-1874.708389516877
101711,44,M,College,Single,Less than $40k,0,2024-02-29,39,15500,0.2137885609726981,760.0,2,1,1,0,2982.3504255691387,10985.672012883424,8.600000000000001,3.3137226950768213,0,61.16303664438042,0,64.47675933945725,0.1,0.25,0.65,2153.9197517999332,-12.43158909888507,76.90834843834232,1883.437756856059,76.90834843834227
101711,44,M,College,Single,Less than $40k,0,2024-03-31,40,15500,0.6138503782948548,728.0,2,1,1,0,8563.212777213224,21238.01471914515,8.8,9.51468086357025,0,175.61722203934787,0,185.1319029029181,0.1,0.25,0.65,6184.542561320662,4030.6228095207284,-3845.49090661781,-1962.0531497617512,-3845.49090661781
101711,44,M,College,Single,Less than $40k,0,2024-04-30,41,15500,0.8157685739054323,712.0,2,1,1,0,11379.971605980782,25962.150379653827,9.0,12.644412895534204,0,233.38425101932253,0,246.02866391485674,0.1,0.25,0.65,8218.868382097231,2034.3258207765693,-1788.2971568617127,-3750.350306623464,-1788.2971568617127
101711,44,M,College,Single,Less than $40k,0,2024-05-31,42,15500,0.9801977396568808,704.0,2,2,1,0,15193.064964681653,32678.955100029125,9.200000000000001,15.193064964681653,0,311.58444065067954,0,326.7775056153612,0.15,0.25,0.8500000000000001,12914.105219979407,4695.236837882176,-4368.459332266814,-8118.809638890278,-4368.459332266813
101711,44,M,College,Single,Less than $40k,0,2024-06-30,43,15500,0.9979451967350046,704.0,2,2,1,0,15468.15054939257,32319.744272424523,9.4,15.468150549392572,0,317.225987517126,0,332.6941380665186,0.15,0.25,0.8500000000000001,13147.927966983687,233.82274700428025,98.87139106223833,-8019.9382478280395,98.87139106223822
101711,44,M,College,Single,Less than $40k,0,2024-07-31,44,15500,0.9927950224513508,704.0,2,2,1,0,15388.322847995936,31250.706872604816,9.6,15.388322847995937,0,315.58885440765,0,330.9771772556459,0.15,0.25,0.8500000000000001,13080.074420796547,-67.85354618713973,398.83072344278565,-7621.107524385254,398.8307234427857
101711,44,M,College,Single,Less than $40k,0,2024-08-31,45,15500,0.9864536585957121,704.0,2,2,1,0,15290.031708233537,30144.742596053573,9.8,15.290031708233537,0,313.57306694968946,0,328.863098657923,0.15,0.25,0.8500000000000001,12996.526951998509,-83.54746879803861,412.4105674559616,-7208.696956929292,412.4105674559614
101711,44,M,College,Single,Less than $40k,0,2024-09-30,46,15500,0.9956859449963678,704.0,2,2,1,0,15433.1321474437,29521.561477447463,10.0,15.433132147443702,0,316.5078184571579,0,331.9409506046016,0.15,0.25,0.8500000000000001,13118.162325327146,121.6353733286378,210.3055772759638,-6998.391379653329,210.30557727596351
101711,44,M,College,Single,Less than $40k,0,2024-10-31,47,15500,0.995051163579172,704.0,2,2,1,0,15423.293035477165,28592.501256487947,10.200000000000001,15.423293035477165,0,316.3060346692442,0,331.72932770472136,0.15,0.25,0.8500000000000001,13109.799080155593,-8.36324517155299,340.09257287627435,-6658.298806777055,340.09257287627406
101712,40,M,College,Single,$120k+,189000,2020-12-31,1,14700,0.29936573985683984,757.0,0,0,1,0,0.0,38650.464599994404,0.06100359287310047,88.01352751791092,0,0.0,0,88.01352751791092,0.0,0.0,0.05,220.0338187947773,220.0338187947773,-132.02029127686637,-132.02029127686637,-132.02029127686637
101712,41,M,College,Single,$120k+,189000,2021-01-31,2,14700,0.31395570818792495,756.0,0,0,1,0,0.0,37689.658012243075,0.06100359287310047,92.30297820724995,0,0.0,0,92.30297820724995,0.0,0.0,0.05,230.75744551812485,10.723626723347564,81.57935148390239,-50.44093979296399,81.57935148390239
101712,41,M,College,Single,$120k+,189000,2021-02-28,3,14700,0.3473507673167587,755.0,0,0,1,0,0.0,36728.85142449174,0.06100359287310047,102.12112559112705,0,0.0,0,102.12112559112705,0.0,0.0,0.05,255.30281397781764,24.54536845969278,77.57575713143427,27.134817338470285,77.57575713143427
101712,41,M,College,Single,$120k+,189000,2021-03-31,4,14700,0.32934158644887485,755.0,0,0,1,0,0.0,35768.04483674041,0.06100359287310047,96.8264264159692,0,0.0,0,96.8264264159692,0.0,0.0,0.05,242.06606603992302,-13.23674793789462,110.06317435386381,137.19799169233409,110.0631743538638
101712,41,M,College,Single,$120k+,189000,2021-04-30,5,14700,0.3173399313135806,756.0,0,0,1,0,0.0,34807.23824898907,0.06100359287310047,93.2979398061927,0,0.0,0,93.2979398061927,0.0,0.0,0.05,233.24484951548175,-8.821216524441269,102.11915633063397,239.31714802296807,102.11915633063398
101712,41,M,College,Single,$120k+,189000,2021-05-31,6,14700,0.31091481320476066,756.0,0,0,1,0,0.0,33846.431661237744,0.06100359287310047,91.40895508219963,0,0.0,0,91.40895508219963,0.0,0.0,0.05,228.52238770549909,-4.722461809982661,96.13141689218229,335.44856491515037,96.1314168921823
101712,41,M,College,Single,$120k+,189000,2021-06-30,7,14700,0.3417076994570359,755.0,0,0,1,0,0.0,32885.62507348641,0.06100359287310047,100.46206364036854,0,0.0,0,100.46206364036854,0.0,0.0,0.05,251.15515910092137,22.63277139542228,77.82929224494626,413.27785716009663,77.82929224494626
101712,41,M,College,Single,$120k+,189000,2021-07-31,8,14700,0.302423530723574,756.0,0,0,1,0,0.0,31924.81848573508,0.06100359287310047,88.91251803273074,0,0.0,0,88.91251803273074,0.0,0.0,0.05,222.28129508182687,-28.873864019094498,117.78638205182524,531.0642392119219,117.78638205182523
101712,41,M,College,Single,$120k+,189000,2021-08-31,9,14700,0.3074644452525656,756.0,0,0,1,0,0.0,30964.011897983746,0.06100359287310047,90.3945469042543,0,0.0,0,90.3945469042543,0.0,0.0,0.05,225.98636726063572,3.705072178808848,86.68947472544545,617.7537139373674,86.6894747254455
101712,41,M,College,Single,$120k+,189000,2021-09-30,10,14700,0.3041806176271941,756.0,0,0,1,0,0.0,30003.205310232413,0.06100359287310047,89.42910158239508,0,0.0,0,89.42910158239508,0.0,0.0,0.05,223.57275395598768,-2.413613304648038,91.84271488704312,709.5964288244105,91.84271488704314
101712,41,M,College,Single,$120k+,189000,2021-10-31,11,14700,0.28100213875826285,757.0,0,0,1,0,0.0,29042.39872248108,0.06100359287310047,82.61462879492929,0,0.0,0,82.61462879492929,0.0,0.0,0.05,206.53657198732319,-17.036181968664494,99.65081076359378,809.2472395880043,99.65081076359377
101712,41,M,College,Single,$120k+,189000,2021-11-30,12,14700,0.3387259636373223,755.0,0,0,1,0,0.0,28081.592134729748,0.06100359287310047,99.58543330937277,0,0.0,100,199.58543330937277,0.0,0.0,0.05,248.9635832734319,42.42701128610872,157.15842202326405,966.4056616112683,157.15842202326405
101712,41,M,College,Single,$120k+,189000,2021-12-31,13,14700,0.3486670840195082,755.0,0,0,0,0,0.0,27120.785546978415,0.06100359287310047,102.50812270173542,0,0.0,0,102.50812270173542,0.0,0.0,0.05,256.2703067543385,7.306723480906584,95.20139922082883,1061.6070608320972,95.20139922082888
101712,42,M,College,Single,$120k+,189000,2022-01-31,14,14700,0.31486668075186813,756.0,0,0,0,0,0.0,26159.978959227083,0.06100359287310047,92.57080414104924,0,0.0,0,92.57080414104924,0.0,0.0,0.05,231.42701035262309,-24.843296401715406,117.41410054276464,1179.0211613748618,117.41410054276457
101712,42,M,College,Single,$120k+,189000,2022-02-28,15,14700,0.2903328313228413,757.0,0,0,0,0,0.0,25199.172371475754,0.06100359287310047,85.35785240891535,0,0.0,0,85.35785240891535,0.0,0.0,0.05,213.39463102228837,-18.03237933033472,103.39023173925007,1282.411393114112,103.39023173925011
101712,42,M,College,Single,$120k+,189000,2022-03-31,16,14700,0.3311114067424259,755.0,0,0,0,0,0.0,24238.365783724417,0.06100359287310047,97.34675358227321,0,0.0,0,97.34675358227321,0.0,0.0,0.05,243.36688395568302,29.972252933394657,67.37450064887855,1349.7858937629903,67.37450064887844
101712,42,M,College,Single,$120k+,189000,2022-04-30,17,14700,0.3165775295475486,756.0,0,0,0,0,0.0,23277.55919597309,0.06100359287310047,93.07379368697929,0,0.0,0,93.07379368697929,0.0,0.0,0.05,232.68448421744822,-10.682399738234807,103.7561934252141,1453.5420871882045,103.75619342521418
101712,42,M,College,Single,$120k+,189000,2022-05-31,18,14700,0.2803555308094592,757.0,0,0,0,0,0.0,22316.752608221752,0.06100359287310047,82.424526057981,0,0.0,0,82.424526057981,0.0,0.0,0.05,206.0613151449525,-26.623169072495728,109.04769513047673,1562.5897823186813,109.04769513047677
101712,42,M,College,Single,$120k+,189000,2022-06-30,19,14700,0.2860748733108574,757.0,0,0,0,0,0.0,21355.946020470423,0.06100359287310047,84.10601275339208,0,0.0,0,84.10601275339208,0.0,0.0,0.05,210.2650318834802,4.203716738527703,79.90229601486438,1642.4920783335456,79.9022960148643
101712,42,M,College,Single,$120k+,189000,2022-07-31,20,14700,0.2852141830169738,757.0,0,0,0,0,0.0,20395.13943271909,0.06100359287310047,83.8529698069903,0,0.0,0,83.8529698069903,0.0,0.0,0.05,209.63242451747576,-0.6326073660044358,84.48557717299474,1726.9776555065403,84.48557717299468
101712,42,M,College,Single,$120k+,189000,2022-08-31,21,14700,0.3233120220126634,756.0,0,0,0,0,0.0,19434.332844967757,0.06100359287310047,95.05373447172303,0,0.0,0,95.05373447172303,0.0,0.0,0.05,237.6343361793076,28.001911661831855,67.05182280989118,1794.0294783164313,67.05182280989106
101712,42,M,College,Single,$120k+,189000,2022-09-30,22,14700,0.3391954441677673,755.0,0,0,0,0,0.0,18473.526257216425,0.06100359287310047,99.7234605853236,0,0.0,0,99.7234605853236,0.0,0.0,0.05,249.30865146330896,11.674315284001352,88.04914530132224,1882.0786236177535,88.04914530132214
101712,42,M,College,Single,$120k+,189000,2022-10-31,23,14700,0.3309865063959668,755.0,0,0,0,0,0.0,17512.719669465092,0.06100359287310047,97.31003288041424,0,0.0,0,97.31003288041424,0.0,0.0,0.05,243.2750822010356,-6.0335692622733745,103.34360214268762,1985.422225760441,103.34360214268759
101712,42,M,College,Single,$120k+,189000,2022-11-30,24,14700,0.323771269975366,756.0,0,0,0,0,0.0,16551.91308171376,0.06100359287310047,95.1887533727576,0,0.0,100,195.18875337275762,0.0,0.0,0.05,237.97188343189399,-5.303198769141602,200.49195214189922,2185.9141779023403,200.49195214189922
101712,42,M,College,Single,$120k+,189000,2022-12-31,25,14700,0.3472770419184349,755.0,0,0,0,0,0.0,15591.106493962427,0.06100359287310047,102.09945032401986,0,0.0,0,102.09945032401986,0.0,0.0,0.05,255.24862581004965,17.27674237815566,84.8227079458642,2270.7368858482046,84.8227079458643
101712,43,M,College,Single,$120k+,189000,2023-01-31,26,14700,0.3225739574860254,756.0,0,0,0,0,0.0,14630.299906211094,0.06100359287310047,94.83674350089146,0,0.0,0,94.83674350089146,0.0,0.0,0.05,237.0918587522287,-18.156767057820957,112.99351055871242,2383.730396406917,112.99351055871239
101712,43,M,College,Single,$120k+,189000,2023-02-28,27,14700,0.34435804180969043,755.0,0,0,0,0,0.0,13669.493318459761,0.06100359287310047,101.24126429204898,0,0.0,0,101.24126429204898,0.0,0.0,0.05,253.10316073012245,16.011301977893766,85.22996231415522,2468.960358721072,85.22996231415527
101712,43,M,College,Single,$120k+,189000,2023-03-31,28,14700,0.2868668565709349,757.0,0,0,0,0,0.0,12708.686730708432,0.06100359287310047,84.33885583185487,0,0.0,0,84.33885583185487,0.0,0.0,0.05,210.84713957963717,-42.25602115048528,126.59487698234015,2595.5552357034126,126.59487698234034
101712,43,M,College,Single,$120k+,189000,2023-04-30,29,14700,0.3400088827269565,755.0,0,0,0,0,0.0,11747.8801429571,0.06100359287310047,99.96261152172521,0,0.0,0,99.96261152172521,0.0,0.0,0.05,249.90652880431304,39.05938922467587,60.90322229704934,2656.458458000462,60.903222297049524
101712,43,M,College,Single,$120k+,189000,2023-05-31,30,14700,0.34832833172294136,755.0,0,0,0,0,0.0,10787.073555205767,0.06100359287310047,102.40852952654475,0,0.0,0,102.40852952654475,0.0,0.0,0.05,256.0213238163619,6.114795012048887,96.29373451449587,2752.752192514958,96.29373451449601
101712,43,M,College,Single,$120k+,189000,2023-06-30,31,14700,0.3124689311143441,756.0,0,0,0,0,0.0,9826.266967454434,0.06100359287310047,91.86586574761718,0,0.0,0,91.86586574761718,0.0,0.0,0.05,229.6646643690429,-26.356659447319032,118.22252519493621,2870.9747177098943,118.22252519493622
101712,43,M,College,Single,$120k+,189000,2023-07-31,32,14700,0.346110337928518,755.0,0,0,0,0,0.0,8865.460379703101,0.06100359287310047,101.7564393509843,0,0.0,0,101.7564393509843,0.0,0.0,0.05,254.3910983774607,24.72643400841781,77.03000534256648,2948.0047230524606,77.03000534256626
101712,43,M,College,Single,$120k+,189000,2023-08-31,33,14700,0.2829417369843618,757.0,0,0,0,0,0.0,7904.653791951769,0.06100359287310047,83.18487067340237,0,0.0,0,83.18487067340237,0.0,0.0,0.05,207.96217668350593,-46.42892169395478,129.61379236735715,3077.618515419818,129.6137923673573
101712,43,M,College,Single,$120k+,189000,2023-09-30,34,14700,0.3147542263965935,756.0,0,0,0,0,0.0,6943.847204200436,0.06100359287310047,92.53774256059849,0,0.0,0,92.53774256059849,0.0,0.0,0.05,231.3443564014962,23.382179717990283,69.1555628426082,3146.774078262426,69.1555628426081
101712,43,M,College,Single,$120k+,189000,2023-10-31,35,14700,0.2932378474178856,757.0,0,0,0,0,0.0,5983.040616449103,0.06100359287310047,86.21192714085838,0,0.0,0,86.21192714085838,0.0,0.0,0.05,215.52981785214592,-15.814538549350289,102.02646569020867,3248.8005439526346,102.02646569020862
101712,43,M,College,Single,$120k+,189000,2023-11-30,36,14700,0.3182893414071727,756.0,0,0,0,0,0.0,5022.234028697771,0.06100359287310047,93.57706637370877,0,0.0,100,193.57706637370876,0.0,0.0,0.05,233.94266593427193,18.412848082126004,175.16421829158276,3423.964762244217,175.16421829158253
101712,43,M,College,Single,$120k+,189000,2023-12-31,37,14700,0.3174323023112488,756.0,0,0,0,0,0.0,4061.4274409464415,0.06100359287310047,93.32509687950714,0,0.0,0,93.32509687950714,0.0,0.0,0.05,233.31274219876786,-0.6299237355040646,93.95502061501121,3517.9197828592282,93.95502061501111
101712,44,M,College,Single,Less than $40k,0,2024-01-31,38,14700,0.2118791805197241,760.0,2,1,1,0,2803.16155827595,9667.75055749834,8.4,3.1146239536399447,0,57.488171624309274,0,60.602795577949216,0.1,0.25,0.65,2024.5055698659637,1791.1928276671958,-1730.5900320892467,1787.3297507699815,-1730.5900320892467
101712,44,M,College,Single,Less than $40k,0,2024-02-29,39,14700,0.2111171803356726,760.0,2,1,1,0,2793.080295840948,8686.781444877,8.600000000000001,3.103422550934387,0,57.28142173387145,0,60.38484428480584,0.1,0.25,0.65,2017.2246581073516,-7.280911758612092,67.66575604341793,1854.9955068133995,67.66575604341801
101712,44,M,College,Single,Less than $40k,0,2024-03-31,40,14700,0.6168847602226112,728.0,2,1,1,0,8161.385377745145,18462.585020934064,8.8,9.068205975272384,0,167.37641178859002,0,176.4446177638624,0.1,0.25,0.65,5894.33388392705,3877.1092258196986,-3700.664608055836,-1845.6691012424367,-3700.664608055836
101712,44,M,College,Single,Less than $40k,0,2024-04-30,41,14700,0.8164007551699413,712.0,2,1,1,0,10800.981990898325,22780.97165948909,9.0,12.001091100998138,0,221.51013899667313,0,233.51123009767127,0.1,0.25,0.65,7800.709215648789,1906.3753317217388,-1672.8641016240676,-3518.5332028665043,-1672.8641016240676
101712,44,M,College,Single,Less than $40k,0,2024-05-31,42,14700,0.995080091277155,704.0,2,2,1,0,14627.677341774179,29473.55577348947,9.200000000000001,14.627677341774179,0,299.9892828175521,0,314.6169601593263,0.15,0.25,0.8500000000000001,12433.525740508054,4632.816524859265,-4318.1995646999385,-7836.732767566443,-4318.1995646999385
101712,44,M,College,Single,Less than $40k,0,2024-06-30,43,14700,0.9802896037667594,704.0,2,2,1,0,14410.257175371364,28077.9088529325,9.4,14.410257175371365,0,295.53035757157437,0,309.94061474694576,0.15,0.25,0.8500000000000001,12248.718599065662,-184.8071414423921,494.74775618933785,-7341.985011377105,494.74775618933745
101712,44,M,College,Single,Less than $40k,0,2024-07-31,44,14700,0.982081871929384,704.0,2,2,1,0,14436.603517361946,27169.794949162337,9.6,14.436603517361945,0,296.0706771352312,0,310.5072806525932,0.15,0.25,0.8500000000000001,12271.112989757656,22.394390691993976,288.1128899605992,-7053.872121416506,288.1128899605992
101712,44,M,College,Single,Less than $40k,0,2024-08-31,45,14700,0.9900261259847433,704.0,2,2,1,0,14553.384051975727,26442.54943063857,9.8,14.553384051975726,0,298.46565126593555,0,313.0190353179113,0.15,0.25,0.8500000000000001,12370.376444179368,99.2634544217126,213.7555808961987,-6840.116540520307,213.7555808961988
101712,44,M,College,Single,Less than $40k,0,2024-09-30,46,14700,0.9946610827188965,704.0,2,2,1,0,14621.51791596778,25618.010570871338,10.0,14.621517915967779,0,299.86296325997256,0,314.48448117594035,0.15,0.25,0.8500000000000001,12428.290228572614,57.913784393245805,256.57069678269454,-6583.545843737613,256.57069678269454
101712,44,M,College,Single,Less than $40k,0,2024-10-31,47,14700,0.9997420724546752,704.0,2,2,1,0,14696.208465083724,24806.5850813519,10.200000000000001,14.696208465083727,0,301.39474193809207,0,316.0909504031758,0.15,0.25,0.8500000000000001,12491.777195321169,63.48696674855455,252.60398365462123,-6330.941860082991,252.60398365462152
101713,40,M,College,Single,$120k+,189000,2020-12-31,1,16300,0.34923525688928186,755.0,0,0,1,0,0.0,38601.76260245004,0.05718260764669451,113.85069374590589,0,0.0,0,113.85069374590589,0.0,0.0,0.05,284.62673436476473,284.62673436476473,-170.77604061885884,-170.77604061885884,-170.77604061885884
101713,41,M,College,Single,$120k+,189000,2021-01-31,2,16300,0.34767898922270085,755.0,0,0,1,0,0.0,37701.13653201461,0.05718260764669451,113.34335048660049,0,0.0,0,113.34335048660049,0.0,0.0,0.05,283.3583762165012,-1.2683581482635304,114.61170863486402,-56.16433198399483,114.61170863486402
101713,41,M,College,Single,$120k+,189000,2021-02-28,3,16300,0.3112705847243861,756.0,0,0,1,0,0.0,36800.510461579164,0.05718260764669451,101.47421062014988,0,0.0,0,101.47421062014988,0.0,0.0,0.05,253.6855265503747,-29.672849666126496,131.14706028627637,74.98272830228154,131.14706028627637
101713,41,M,College,Single,$120k+,189000,2021-03-31,4,16300,0.3453194978198249,755.0,0,0,1,0,0.0,35899.88439114373,0.05718260764669451,112.57415628926292,0,0.0,0,112.57415628926292,0.0,0.0,0.05,281.4353907231573,27.749864172782594,84.82429211648032,159.80702041876185,84.82429211648031
101713,41,M,College,Single,$120k+,189000,2021-04-30,5,16300,0.34926794091941915,755.0,0,0,1,0,0.0,34999.258320708286,0.05718260764669451,113.86134873973064,0,0.0,0,113.86134873973064,0.0,0.0,0.05,284.6533718493266,3.2179811261693203,110.64336761356132,270.4503880323232,110.64336761356134
101713,41,M,College,Single,$120k+,189000,2021-05-31,6,16300,0.29817203496772904,757.0,0,0,1,0,0.0,34098.63225027285,0.05718260764669451,97.20408339947966,0,0.0,0,97.20408339947966,0.0,0.0,0.05,243.01020849869917,-41.64316335062745,138.8472467501071,409.2976347824303,138.8472467501071
101713,41,M,College,Single,$120k+,189000,2021-06-30,7,16300,0.3442933485015677,755.0,0,0,1,0,0.0,33198.00617983741,0.05718260764669451,112.23963161151107,0,0.0,0,112.23963161151107,0.0,0.0,0.05,280.5990790287777,37.58887053007851,74.65076108143256,483.94839586386286,74.65076108143256
101713,41,M,College,Single,$120k+,189000,2021-07-31,8,16300,0.3093706536858766,756.0,0,0,1,0,0.0,32297.380109401973,0.05718260764669451,100.85483310159576,0,0.0,0,100.85483310159576,0.0,0.0,0.05,252.1370827539894,-28.461996274788277,129.31682937638402,613.2652252402469,129.31682937638402
101713,41,M,College,Single,$120k+,189000,2021-08-31,9,16300,0.3335541411349401,755.0,0,0,1,0,0.0,31396.754038966534,0.05718260764669451,108.73865000999047,0,0.0,0,108.73865000999047,0.0,0.0,0.05,271.84662502497616,19.70954227098676,89.0291077390037,702.2943329792506,89.02910773900373
101713,41,M,College,Single,$120k+,189000,2021-09-30,10,16300,0.32836607519591554,755.0,0,0,1,0,0.0,30496.127968531095,0.05718260764669451,107.04734051386846,0,0.0,0,107.04734051386846,0.0,0.0,0.05,267.6183512846712,-4.228273740304985,111.27561425417345,813.569947233424,111.27561425417343
101713,41,M,College,Single,$120k+,189000,2021-10-31,11,16300,0.2894066969325624,757.0,0,0,1,0,0.0,29595.50189809566,0.05718260764669451,94.34658320001535,0,0.0,0,94.34658320001535,0.0,0.0,0.05,235.86645800003834,-31.751893284632843,126.09847648464819,939.6684237180723,126.09847648464824
101713,41,M,College,Single,$120k+,189000,2021-11-30,12,16300,0.30218153974227,756.0,0,0,1,0,0.0,28694.875827660217,0.05718260764669451,98.51118195598004,0,0.0,100,198.51118195598002,0.0,0.0,0.05,246.27795488995008,10.411496889911746,188.09968506606828,1127.7681087841406,188.09968506606833
101713,41,M,College,Single,$120k+,189000,2021-12-31,13,16300,0.2864127308494706,757.0,0,0,0,0,0.0,27794.24975722478,0.05718260764669451,93.37055025692742,0,0.0,0,93.37055025692742,0.0,0.0,0.05,233.42637564231853,-12.851579247631548,106.22212950455896,1233.9902382886996,106.222129504559
101713,42,M,College,Single,$120k+,189000,2022-01-31,14,16300,0.2896630065736818,757.0,0,0,0,0,0.0,26893.623686789342,0.05718260764669451,94.43014014302027,0,0.0,0,94.43014014302027,0.0,0.0,0.05,236.0753503575507,2.648974715232157,91.78116542778811,1325.7714037164878,91.78116542778821
101713,42,M,College,Single,$120k+,189000,2022-02-28,15,16300,0.3165082727773871,756.0,0,0,0,0,0.0,25992.997616353903,0.05718260764669451,103.18169692542818,0,0.0,0,103.18169692542818,0.0,0.0,0.05,257.9542423135705,21.8788919560198,81.30280496940838,1407.0742086858963,81.3028049694085
101713,42,M,College,Single,$120k+,189000,2022-03-31,16,16300,0.3161252538467412,756.0,0,0,0,0,0.0,25092.371545918468,0.05718260764669451,103.05683275403764,0,0.0,0,103.05683275403764,0.0,0.0,0.05,257.6420818850941,-0.3121604284763748,103.36899318251402,1510.4432018684104,103.36899318251403
101713,42,M,College,Single,$120k+,189000,2022-04-30,17,16300,0.3364152210542285,755.0,0,0,0,0,0.0,24191.745475483025,0.05718260764669451,109.6713620636785,0,0.0,0,109.6713620636785,0.0,0.0,0.05,274.17840515919625,16.53632327410213,93.13503878957637,1603.5782406579867,93.13503878957636
101713,42,M,College,Single,$120k+,189000,2022-05-31,18,16300,0.30337594525092915,756.0,0,0,0,0,0.0,23291.11940504759,0.05718260764669451,98.90055815180291,0,0.0,0,98.90055815180291,0.0,0.0,0.05,247.25139537950724,-26.927009779689,125.82756793149191,1729.4058085894787,125.82756793149201
101713,42,M,College,Single,$120k+,189000,2022-06-30,19,16300,0.3237484571681361,756.0,0,0,0,0,0.0,22390.49333461215,0.05718260764669451,105.54199703681238,0,0.0,0,105.54199703681238,0.0,0.0,0.05,263.85499259203095,16.60359721252371,88.93839982428867,1818.3442084137673,88.93839982428858
101713,42,M,College,Single,$120k+,189000,2022-07-31,20,16300,0.2953325468940371,757.0,0,0,0,0,0.0,21489.86726417671,0.05718260764669451,96.2784102874561,0,0.0,0,96.2784102874561,0.0,0.0,0.05,240.69602571864024,-23.15896687339071,119.43737716084681,1937.7815855746142,119.43737716084684
101713,42,M,College,Single,$120k+,189000,2022-08-31,21,16300,0.3095218366341752,756.0,0,0,0,0,0.0,20589.241193741273,0.05718260764669451,100.90411874274112,0,0.0,0,100.90411874274112,0.0,0.0,0.05,252.2602968568528,11.564271138212547,89.33984760452857,2027.1214331791427,89.33984760452859
101713,42,M,College,Single,$120k+,189000,2022-09-30,22,16300,0.29054496748987185,757.0,0,0,0,0,0.0,19688.615123305834,0.05718260764669451,94.71765940169823,0,0.0,0,94.71765940169823,0.0,0.0,0.05,236.79414850424556,-15.466148352607235,110.18380775430546,2137.305240933448,110.18380775430546
101713,42,M,College,Single,$120k+,189000,2022-10-31,23,16300,0.2920619012888512,757.0,0,0,0,0,0.0,18787.989052870395,0.05718260764669451,95.21217982016549,0,0.0,0,95.21217982016549,0.0,0.0,0.05,238.03044955041372,1.2363010461681654,93.97587877399732,2231.2811197074457,93.97587877399747
101713,42,M,College,Single,$120k+,189000,2022-11-30,24,16300,0.32443197324631534,756.0,0,0,0,0,0.0,17887.36298243496,0.05718260764669451,105.7648232782988,0,0.0,100,205.76482327829882,0.0,0.0,0.05,264.412058195747,26.3816086453333,179.38321463296552,2410.664334340411,179.38321463296552
101713,42,M,College,Single,$120k+,189000,2022-12-31,25,16300,0.33574062920186776,755.0,0,0,0,0,0.0,16986.73691199952,0.05718260764669451,109.4514451198089,0,0.0,0,109.4514451198089,0.0,0.0,0.05,273.6286127995222,9.216554603775194,100.2348905160337,2510.899224856445,100.23489051603383
101713,43,M,College,Single,$120k+,189000,2023-01-31,26,16300,0.3427585320546763,755.0,0,0,0,0,0.0,16086.110841564081,0.05718260764669451,111.73928144982449,0,0.0,0,111.73928144982449,0.0,0.0,0.05,279.3482036245612,5.719590825039006,106.01969062478548,2616.9189154812307,106.01969062478565
101713,43,M,College,Single,$120k+,189000,2023-02-28,27,16300,0.3045523363208743,756.0,0,0,0,0,0.0,15185.484771128642,0.05718260764669451,99.28406164060503,0,0.0,0,99.28406164060503,0.0,0.0,0.05,248.21015410151256,-31.138049523048664,130.4221111636537,2747.3410266448846,130.42211116365388
101713,43,M,College,Single,$120k+,189000,2023-03-31,28,16300,0.30774805152555995,756.0,0,0,0,0,0.0,14284.858700693203,0.05718260764669451,100.32586479733254,0,0.0,0,100.32586479733254,0.0,0.0,0.05,250.81466199333136,2.6045078918187983,97.72135690551374,2845.0623835503984,97.72135690551386
101713,43,M,College,Single,$120k+,189000,2023-04-30,29,16300,0.2955812756846798,757.0,0,0,0,0,0.0,13384.232630257764,0.05718260764669451,96.35949587320562,0,0.0,0,96.35949587320562,0.0,0.0,0.05,240.89873968301404,-9.915922310317313,106.27541818352293,2951.3378017339214,106.27541818352302
101713,43,M,College,Single,$120k+,189000,2023-05-31,30,16300,0.3250556018441142,755.0,0,0,0,0,0.0,12483.606559822329,0.05718260764669451,105.96812620118122,0,0.0,0,105.96812620118122,0.0,0.0,0.05,264.9203155029531,24.021575819939045,81.94655038124218,3033.2843521151635,81.9465503812421
101713,43,M,College,Single,$120k+,189000,2023-06-30,31,16300,0.3085874337860462,756.0,0,0,0,0,0.0,11582.98048938689,0.05718260764669451,100.59950341425107,0,0.0,0,100.59950341425107,0.0,0.0,0.05,251.49875853562764,-13.421556967325444,114.02106038157652,3147.3054124967402,114.02106038157672
101713,43,M,College,Single,$120k+,189000,2023-07-31,32,16300,0.28668838652651196,757.0,0,0,0,0,0.0,10682.35441895145,0.05718260764669451,93.46041400764291,0,0.0,0,93.46041400764291,0.0,0.0,0.05,233.65103501910724,-17.847723516520404,111.30813752416331,3258.6135500209034,111.30813752416316
101713,43,M,College,Single,$120k+,189000,2023-08-31,33,16300,0.31177059626185233,756.0,0,0,0,0,0.0,9781.728348516011,0.05718260764669451,101.63721438136386,0,0.0,0,101.63721438136386,0.0,0.0,0.05,254.09303595340964,20.4420009343024,81.19521344706146,3339.808763467965,81.19521344706163
101713,43,M,College,Single,$120k+,189000,2023-09-30,34,16300,0.28849198696413997,757.0,0,0,0,0,0.0,8881.102278080572,0.05718260764669451,94.04838775030963,0,0.0,0,94.04838775030963,0.0,0.0,0.05,235.12096937577408,-18.97206657763556,113.02045432794519,3452.82921779591,113.02045432794512
101713,43,M,College,Single,$120k+,189000,2023-10-31,35,16300,0.3108675201423966,756.0,0,0,0,0,0.0,7980.476207645133,0.05718260764669451,101.3428115664213,0,0.0,0,101.3428115664213,0.0,0.0,0.05,253.35702891605322,18.236059540279143,83.10675202614216,3535.9359698220524,83.1067520261422
101713,43,M,College,Single,$120k+,189000,2023-11-30,36,16300,0.30423210218290725,756.0,0,0,0,0,0.0,7079.850137209694,0.05718260764669451,99.17966531162776,0,0.0,100,199.17966531162776,0.0,0.0,0.05,247.9491632790694,-5.407865636983814,204.58753094861157,3740.5235007706638,204.5875309486114
101713,43,M,College,Single,$120k+,189000,2023-12-31,37,16300,0.3310690206658854,755.0,0,0,0,0,0.0,6179.224066774259,0.05718260764669451,107.92850073707864,0,0.0,0,107.92850073707864,0.0,0.0,0.05,269.8212518426966,21.872088563627187,86.05641217345145,3826.579912944115,86.05641217345146
101713,44,M,College,Single,Less than $40k,0,2024-01-31,38,16300,0.21957822281701045,760.0,2,1,1,0,3221.2125287255435,12621.649124225347,8.4,3.579125031917271,0,66.06170027661302,0,69.6408253085303,0.1,0.25,0.65,2326.431270746226,2056.610018903529,-1986.9691935949988,1839.6107193491164,-1986.9691935949988
101713,44,M,College,Single,Less than $40k,0,2024-02-29,39,16300,0.21711463794889413,760.0,2,1,1,0,3185.071738710277,11648.74147375937,8.600000000000001,3.5389685985669748,0,65.32051290804992,0,68.8594815066169,0.1,0.25,0.65,2300.329589068533,-26.101681677692795,94.9611631843097,1934.571882533426,94.96116318430973
101713,44,M,College,Single,Less than $40k,0,2024-03-31,40,16300,0.6133561864650462,728.0,2,1,1,0,8997.935255442228,22373.842436787836,8.8,9.997705839380254,0,184.532655530361,0,194.53036136974126,0.1,0.25,0.65,6498.508795597165,4198.179206528632,-4003.6488451588907,-2069.0769626254646,-4003.6488451588907
101713,44,M,College,Single,Less than $40k,0,2024-04-30,41,16300,0.8102900914495239,712.0,2,1,1,0,11886.955641564517,27251.25713859698,9.0,13.207728490627241,0,243.7816486157523,0,256.98937710637955,0.1,0.25,0.65,8585.023518907707,2086.5147233105417,-1829.5253462041621,-3898.602308829627,-1829.5253462041624
101713,44,M,College,Single,Less than $40k,0,2024-05-31,42,16300,0.981833084728038,704.0,2,2,1,0,16003.879281067018,34584.47834716654,9.200000000000001,16.00387928106702,0,328.21289092254943,0,344.2167702036165,0.15,0.25,0.8500000000000001,13603.297388906967,5018.273869999261,-4674.057099795644,-8572.65940862527,-4674.057099795643
101713,44,M,College,Single,Less than $40k,0,2024-06-30,43,16300,0.992986655474558,704.0,2,2,1,0,16185.682484235296,34047.458683067656,9.4,16.185682484235297,0,331.9413716141922,0,348.1270540984275,0.15,0.25,0.8500000000000001,13757.830111600002,154.53272269303488,193.5943314053926,-8379.065077219877,193.59433140539295
101713,44,M,College,Single,Less than $40k,0,2024-07-31,44,16300,0.993963445871748,704.0,2,2,1,0,16201.604167709493,33178.675979580614,9.6,16.201604167709494,0,332.26789880610886,0,348.46950297381835,0.15,0.25,0.8500000000000001,13771.36354255307,13.533430953068091,334.93607202075026,-8044.129005199126,334.93607202075054
101713,44,M,College,Single,Less than $40k,0,2024-08-31,45,16300,0.9910579410503733,704.0,2,2,1,0,16154.244439121085,32183.33045196836,9.8,16.154244439121086,0,331.2966297056416,0,347.4508741447627,0.15,0.25,0.8500000000000001,13731.107773252923,-40.25576930014722,387.7066434449099,-7656.422361754217,387.7066434449098
101713,44,M,College,Single,Less than $40k,0,2024-09-30,46,16300,0.9855330173100221,704.0,2,2,1,0,16064.18818215336,31102.591867597468,10.0,16.064188182153362,0,329.44972596899515,0,345.5139141511485,0.15,0.25,0.8500000000000001,13654.559954830358,-76.54781842256489,422.0617325737134,-7234.360629180504,422.061732573713
101713,44,M,College,Single,Less than $40k,0,2024-10-31,47,16300,0.9889618299151529,704.0,2,2,1,0,16120.077827616993,30313.745088089297,10.200000000000001,16.120077827616996,0,330.5959294480452,0,346.71600727566215,0.15,0.25,0.8500000000000001,13702.066153474445,47.50619864408691,299.20980863157524,-6935.150820548928,299.20980863157547
101714,40,M,College,Single,$120k+,189000,2020-12-31,1,15600,0.3346490151772223,755.0,0,0,1,0,0.0,38677.99004042178,0.06287364277915562,104.41049273529336,0,0.0,0,104.41049273529336,0.0,0.0,0.05,261.0262318382334,261.0262318382334,-156.61573910294004,-156.61573910294004,-156.61573910294004
101714,41,M,College,Single,$120k+,189000,2021-01-31,2,15600,0.2864378457561059,757.0,0,0,1,0,0.0,37687.73016665008,0.06287364277915562,89.36860787590506,0,0.0,0,89.36860787590506,0.0,0.0,0.05,223.42151968976262,-37.60471214847078,126.97332002437584,-29.642419078564203,126.97332002437584
101714,41,M,College,Single,$120k+,189000,2021-02-28,3,15600,0.3013660372361877,756.0,0,0,1,0,0.0,36697.47029287837,0.06287364277915562,94.02620361769057,0,0.0,0,94.02620361769057,0.0,0.0,0.05,235.06550904422642,11.643989354463798,82.38221426322677,52.73979518466257,82.38221426322677
101714,41,M,College,Single,$120k+,189000,2021-03-31,4,15600,0.31951822196598345,756.0,0,0,1,0,0.0,35707.210419106676,0.06287364277915562,99.68968525338684,0,0.0,0,99.68968525338684,0.0,0.0,0.05,249.2242131334671,14.158704089240672,85.53098116414617,138.27077634880874,85.53098116414617
101714,41,M,College,Single,$120k+,189000,2021-04-30,5,15600,0.34568574942249747,755.0,0,0,1,0,0.0,34716.95054533497,0.06287364277915562,107.85395381981922,0,0.0,0,107.85395381981922,0.0,0.0,0.05,269.634884549548,20.41067141608093,87.4432824037383,225.71405875254703,87.4432824037383
101714,41,M,College,Single,$120k+,189000,2021-05-31,6,15600,0.2913192163059313,757.0,0,0,1,0,0.0,33726.69067156327,0.06287364277915562,90.89159548745056,0,0.0,0,90.89159548745056,0.0,0.0,0.05,227.2289887186264,-42.40589583092162,133.29749131837218,359.0115500709192,133.29749131837218
101714,41,M,College,Single,$120k+,189000,2021-06-30,7,15600,0.3064469032921191,756.0,0,0,1,0,0.0,32736.43079779157,0.06287364277915562,95.61143382714116,0,0.0,0,95.61143382714116,0.0,0.0,0.05,239.0285845678529,11.799595849226506,83.81183797791465,442.82338804883386,83.81183797791465
101714,41,M,College,Single,$120k+,189000,2021-07-31,8,15600,0.33358009296681573,755.0,0,0,1,0,0.0,31746.17092401987,0.06287364277915562,104.07698900564651,0,0.0,0,104.07698900564651,0.0,0.0,0.05,260.1924725141163,21.163887946263372,82.91310105938314,525.736489108217,82.91310105938317
101714,41,M,College,Single,$120k+,189000,2021-08-31,9,15600,0.31758692472989614,756.0,0,0,1,0,0.0,30755.91105024817,0.06287364277915562,99.0871205157276,0,0.0,0,99.0871205157276,0.0,0.0,0.05,247.717801289319,-12.474671224797277,111.56179174052488,637.2982808487419,111.56179174052488
101714,41,M,College,Single,$120k+,189000,2021-09-30,10,15600,0.31669595865191585,756.0,0,0,1,0,0.0,29765.651176476465,0.06287364277915562,98.80913909939774,0,0.0,0,98.80913909939774,0.0,0.0,0.05,247.02284774849437,-0.6949535408246277,99.50409264022237,736.8023734889642,99.50409264022232
101714,41,M,College,Single,$120k+,189000,2021-10-31,11,15600,0.31724567457629743,756.0,0,0,1,0,0.0,28775.391302704767,0.06287364277915562,98.98065046780481,0,0.0,0,98.98065046780481,0.0,0.0,0.05,247.451626169512,0.42877842101762553,98.55187204678718,835.3542455357514,98.55187204678714
101714,41,M,College,Single,$120k+,189000,2021-11-30,12,15600,0.34049334098573725,755.0,0,0,1,0,0.0,27785.131428933066,0.06287364277915562,106.23392238755002,0,0.0,100,206.23392238755002,0.0,0.0,0.05,265.58480596887506,18.133179799363063,188.10074258818696,1023.4549881239384,188.10074258818702
101714,41,M,College,Single,$120k+,189000,2021-12-31,13,15600,0.3420940724732811,755.0,0,0,0,0,0.0,26794.871555161364,0.06287364277915562,106.7333506116637,0,0.0,0,106.7333506116637,0.0,0.0,0.05,266.83337652915924,1.248570560284179,105.48478005137952,1128.939768175318,105.48478005137963
101714,42,M,College,Single,$120k+,189000,2022-01-31,14,15600,0.28631532771248464,757.0,0,0,0,0,0.0,25804.611681389666,0.06287364277915562,89.33038224629522,0,0.0,0,89.33038224629522,0.0,0.0,0.05,223.32595561573802,-43.507420913421214,132.83780315971643,1261.7775713350345,132.8378031597165
101714,42,M,College,Single,$120k+,189000,2022-02-28,15,15600,0.2814883121062199,757.0,0,0,0,0,0.0,24814.35180761796,0.06287364277915562,87.8243533771406,0,0.0,0,87.8243533771406,0.0,0.0,0.05,219.56088344285152,-3.765072172886505,91.5894255500271,1353.3669968850616,91.58942555002704
101714,42,M,College,Single,$120k+,189000,2022-03-31,16,15600,0.31962512897207174,756.0,0,0,0,0,0.0,23824.091933846263,0.06287364277915562,99.72304023928639,0,0.0,0,99.72304023928639,0.0,0.0,0.05,249.30760059821594,29.746717155364422,69.97632308392197,1423.3433199689835,69.9763230839219
101714,42,M,College,Single,$120k+,189000,2022-04-30,17,15600,0.3416006490066909,755.0,0,0,0,0,0.0,22833.83206007456,0.06287364277915562,106.57940249008756,0,0.0,0,106.57940249008756,0.0,0.0,0.05,266.4485062252189,17.14090562700298,89.43849686308458,1512.781816832068,89.43849686308454
101714,42,M,College,Single,$120k+,189000,2022-05-31,18,15600,0.31927013366031715,756.0,0,0,0,0,0.0,21843.57218630286,0.06287364277915562,99.61228170201896,0,0.0,0,99.61228170201896,0.0,0.0,0.05,249.03070425504737,-17.417801970171553,117.03008367219051,1629.8119005042586,117.03008367219059
101714,42,M,College,Single,$120k+,189000,2022-06-30,19,15600,0.3185436730622524,756.0,0,0,0,0,0.0,20853.312312531158,0.06287364277915562,99.38562599542274,0,0.0,0,99.38562599542274,0.0,0.0,0.05,248.46406498855686,-0.5666392664905118,99.95226526191325,1729.7641657661718,99.95226526191323
101714,42,M,College,Single,$120k+,189000,2022-07-31,20,15600,0.308197966742532,756.0,0,0,0,0,0.0,19863.05243875946,0.06287364277915562,96.15776562366999,0,0.0,0,96.15776562366999,0.0,0.0,0.05,240.39441405917498,-8.06965092938188,104.22741655305187,1833.9915823192237,104.22741655305185
101714,42,M,College,Single,$120k+,189000,2022-08-31,21,15600,0.349327147552367,755.0,0,0,0,0,0.0,18872.792564987758,0.06287364277915562,108.9900700363385,0,0.0,0,108.9900700363385,0.0,0.0,0.05,272.4751750908463,32.0807610316713,76.9093090046672,1910.9008913238908,76.9093090046672
101714,42,M,College,Single,$120k+,189000,2022-09-30,22,15600,0.3483706209873054,755.0,0,0,0,0,0.0,17882.532691216056,0.06287364277915562,108.6916337480393,0,0.0,0,108.6916337480393,0.0,0.0,0.05,271.72908437009824,-0.7460907207480432,109.43772446878734,2020.3386157926782,109.43772446878734
101714,42,M,College,Single,$120k+,189000,2022-10-31,23,15600,0.30440258168715,756.0,0,0,0,0,0.0,16892.272817444355,0.06287364277915562,94.97360548639081,0,0.0,0,94.97360548639081,0.0,0.0,0.05,237.43401371597702,-34.29507065412122,129.268676140512,2149.60729193319,129.26867614051184
101714,42,M,College,Single,$120k+,189000,2022-11-30,24,15600,0.3245549776465077,756.0,0,0,0,0,0.0,15902.012943672653,0.06287364277915562,101.26115302571041,0,0.0,100,201.26115302571043,0.0,0.0,0.05,253.152882564276,15.718868848298996,185.54228417741143,2335.1495761106016,185.5422841774116
101714,42,M,College,Single,$120k+,189000,2022-12-31,25,15600,0.32940055150674485,755.0,0,0,0,0,0.0,14911.753069900951,0.06287364277915562,102.77297207010439,0,0.0,0,102.77297207010439,0.0,0.0,0.05,256.932430175261,3.7795476109849915,98.9934244591194,2434.143000569721,98.99342445911952
101714,43,M,College,Single,$120k+,189000,2023-01-31,26,15600,0.2839859192166221,757.0,0,0,0,0,0.0,13921.493196129253,0.06287364277915562,88.60360679558609,0,0.0,0,88.60360679558609,0.0,0.0,0.05,221.50901698896521,-35.42341318629579,124.02701998188188,2558.170020551603,124.02701998188195
101714,43,M,College,Single,$120k+,189000,2023-02-28,27,15600,0.3110570514197029,756.0,0,0,0,0,0.0,12931.233322357552,0.06287364277915562,97.04980004294733,0,0.0,0,97.04980004294733,0.0,0.0,0.05,242.62450010736828,21.115483118403063,75.93431692454426,2634.1043374761475,75.93431692454442
101714,43,M,College,Single,$120k+,189000,2023-03-31,28,15600,0.28611667389403783,757.0,0,0,0,0,0.0,11940.97344858585,0.06287364277915562,89.26840225493982,0,0.0,0,89.26840225493982,0.0,0.0,0.05,223.1710056373495,-19.453494470018768,108.72189672495858,2742.826234201106,108.7218967249587
101714,43,M,College,Single,$120k+,189000,2023-04-30,29,15600,0.2935063975947119,757.0,0,0,0,0,0.0,10950.713574814148,0.06287364277915562,91.57399604955012,0,0.0,0,91.57399604955012,0.0,0.0,0.05,228.9349901238753,5.7639844865258,85.81001156302432,2828.6362457641308,85.81001156302455
101714,43,M,College,Single,$120k+,189000,2023-05-31,30,15600,0.33476777801416563,755.0,0,0,0,0,0.0,9960.453701042446,0.06287364277915562,104.44754674041968,0,0.0,0,104.44754674041968,0.0,0.0,0.05,261.1188668510492,32.18387672717387,72.26367001324581,2900.8999157773765,72.2636700132457
101714,43,M,College,Single,$120k+,189000,2023-06-30,31,15600,0.3114521788851171,756.0,0,0,0,0,0.0,8970.193827270748,0.06287364277915562,97.17307981215654,0,0.0,0,97.17307981215654,0.0,0.0,0.05,242.93269953039135,-18.18616732065783,115.35924713281437,3016.2591629101908,115.35924713281429
101714,43,M,College,Single,$120k+,189000,2023-07-31,32,15600,0.28352267680756055,757.0,0,0,0,0,0.0,7979.933953499047,0.06287364277915562,88.4590751639589,0,0.0,0,88.4590751639589,0.0,0.0,0.05,221.14768790989723,-21.785011620494117,110.24408678445302,3126.5032496946437,110.24408678445297
101714,43,M,College,Single,$120k+,189000,2023-08-31,33,15600,0.34459042179902827,755.0,0,0,0,0,0.0,6989.674079727345,0.06287364277915562,107.51221160129683,0,0.0,0,107.51221160129683,0.0,0.0,0.05,268.78052900324207,47.63284109334484,59.87937050795199,3186.3826202025957,59.87937050795199
101714,43,M,College,Single,$120k+,189000,2023-09-30,34,15600,0.34534147506555346,755.0,0,0,0,0,0.0,5999.414205955643,0.06287364277915562,107.74654022045269,0,0.0,0,107.74654022045269,0.0,0.0,0.05,269.3663505511317,0.5858215478896227,107.16071867256306,3293.543338875159,107.16071867256323
101714,43,M,College,Single,$120k+,189000,2023-10-31,35,15600,0.33927792373494836,755.0,0,0,0,0,0.0,5009.154332183942,0.06287364277915562,105.8547122053039,0,0.0,0,105.8547122053039,0.0,0.0,0.05,264.63678051325974,-4.729570037871952,110.58428224317585,3404.127621118335,110.58428224317595
101714,43,M,College,Single,$120k+,189000,2023-11-30,36,15600,0.281780544172241,757.0,0,0,0,0,0.0,4018.8944584122437,0.06287364277915562,87.91552978173921,0,0.0,100,187.91552978173922,0.0,0.0,0.05,219.788824454348,-44.847956058911734,232.76348584065096,3636.891106958986,232.7634858406509
101714,43,M,College,Single,$120k+,189000,2023-12-31,37,15600,0.29784390518504483,757.0,0,0,0,0,0.0,3028.6345846405384,0.06287364277915562,92.92729841773398,0,0.0,0,92.92729841773398,0.0,0.0,0.05,232.31824604433496,12.529421589986953,80.39787682774703,3717.288983786733,80.39787682774704
101714,44,M,College,Single,Less than $40k,0,2024-01-31,38,15600,0.21327142808576938,760.0,2,1,1,0,2994.330850324202,9017.296285288943,8.4,3.3270342781380027,0,61.40873518873217,0,64.73576946687018,0.1,0.25,0.65,2162.5722807897014,1930.2540347453664,-1865.5182652784963,1851.7707185082365,-1865.5182652784963
101714,44,M,College,Single,Less than $40k,0,2024-02-29,39,15600,0.21761786147313597,760.0,2,1,1,0,3055.3547750828293,8149.084261034499,8.600000000000001,3.3948386389809215,0,62.66023417899036,0,66.05507281797128,0.1,0.25,0.65,2206.645115337599,44.0728345478974,21.98223827007388,1873.7529567783104,21.98223827007382
101714,44,M,College,Single,Less than $40k,0,2024-03-31,40,15600,0.6199967672665061,728.0,2,1,1,0,8704.754612421746,18457.624061940634,8.8,9.671949569357496,0,178.52000917641598,0,188.1919587457735,0.1,0.25,0.65,6286.767220082372,4080.122104744773,-3891.9301459989993,-2018.177189220689,-3891.9301459989993
101714,44,M,College,Single,Less than $40k,0,2024-04-30,41,15600,0.8150571376149073,712.0,2,1,1,0,11443.402212113298,22944.659387552034,9.0,12.714891346792555,0,234.68510703342355,0,247.39999838021612,0.1,0.25,0.65,8264.67937541516,1977.9121553327886,-1730.5121569525725,-3748.6893461732616,-1730.5121569525727
101714,44,M,College,Single,Less than $40k,0,2024-05-31,42,15600,0.984754873075516,704.0,2,2,1,0,15362.17601997805,29791.947129509837,9.200000000000001,15.362176019978051,0,315.0526265430498,0,330.4148025630279,0.15,0.25,0.8500000000000001,13057.849616981344,4793.170241566184,-4462.755439003156,-8211.444785176418,-4462.755439003156
101714,44,M,College,Single,Less than $40k,0,2024-06-30,43,15600,0.9939438556660061,704.0,2,2,1,0,15505.524148389695,29088.383512561424,9.4,15.505524148389696,0,317.9924577432253,0,333.49798189161504,0.15,0.25,0.8500000000000001,13179.695526131241,121.84590914989712,211.65207274171792,-7999.7927124347,211.65207274171826
101714,44,M,College,Single,Less than $40k,0,2024-07-31,44,15600,0.9941176325399372,704.0,2,2,1,0,15508.235067623022,28103.54547725638,9.6,15.508235067623023,0,318.0480541785021,0,333.5562892461252,0.15,0.25,0.8500000000000001,13181.99980747957,2.3042813483280042,331.25200789779717,-7668.540704536903,331.25200789779683
101714,44,M,College,Single,Less than $40k,0,2024-08-31,45,15600,0.9931161517344674,704.0,2,2,1,0,15492.611967057692,27082.03940235402,9.8,15.492611967057693,0,317.7276504244082,0,333.2202623914659,0.15,0.25,0.8500000000000001,13168.72017199904,-13.279635480528668,346.49989787199456,-7322.040806664909,346.4998978719941
101714,44,M,College,Single,Less than $40k,0,2024-09-30,46,15600,0.98732452009464,704.0,2,2,1,0,15402.262513476384,25911.0806214197,10.0,15.402262513476385,0,315.8747337138782,0,331.2769962273546,0.15,0.25,0.8500000000000001,13091.923136454929,-76.79703554411208,408.07403177146665,-6913.966774893443,408.07403177146625
101714,44,M,College,Single,Less than $40k,0,2024-10-31,47,15600,0.9879298876659478,704.0,2,2,1,0,15411.706247588785,24939.708215872804,10.200000000000001,15.411706247588786,0,316.0684089609667,0,331.48011520855545,0.15,0.25,0.8500000000000001,13099.95031045047,8.02717399554058,323.45294121301487,-6590.5138336804275,323.45294121301504
101715,40,M,College,Single,$120k+,189000,2020-12-31,1,16200,0.32369542161481835,756.0,0,0,1,0,0.0,38633.26938744586,0.062187462432234934,104.87731660320115,0,0.0,0,104.87731660320115,0.0,0.0,0.05,262.19329150800286,262.19329150800286,-157.3159749048017,-157.3159749048017,-157.3159749048017
101715,41,M,College,Single,$120k+,189000,2021-01-31,2,16200,0.31574276797130774,756.0,0,0,1,0,0.0,37653.81685413815,0.062187462432234934,102.30065682270371,0,0.0,0,102.30065682270371,0.0,0.0,0.05,255.75164205675927,-6.441649451243592,108.7423062739473,-48.573668630854385,108.7423062739473
101715,41,M,College,Single,$120k+,189000,2021-02-28,3,16200,0.33028307978816185,755.0,0,0,1,0,0.0,36674.36432083046,0.062187462432234934,107.01171785136445,0,0.0,0,107.01171785136445,0.0,0.0,0.05,267.5292946284111,11.777652571651828,95.23406527971262,46.66039664885824,95.23406527971262
101715,41,M,College,Single,$120k+,189000,2021-03-31,4,16200,0.3270313749363599,755.0,0,0,1,0,0.0,35694.91178752275,0.062187462432234934,105.95816547938063,0,0.0,0,105.95816547938063,0.0,0.0,0.05,264.89541369845153,-2.6338809299595596,108.59204640934018,155.25244305819842,108.59204640934018
101715,41,M,College,Single,$120k+,189000,2021-04-30,5,16200,0.3067266910293342,756.0,0,0,1,0,0.0,34715.45925421506,0.062187462432234934,99.37944789350428,0,0.0,0,99.37944789350428,0.0,0.0,0.05,248.4486197337607,-16.44679396469084,115.82624185819512,271.0786849163935,115.82624185819509
101715,41,M,College,Single,$120k+,189000,2021-05-31,6,16200,0.28992896662792944,757.0,0,0,1,0,0.0,33736.00672090735,0.062187462432234934,93.93698518744914,0,0.0,0,93.93698518744914,0.0,0.0,0.05,234.84246296862284,-13.606156765137854,107.54314195258699,378.6218268689805,107.543141952587
101715,41,M,College,Single,$120k+,189000,2021-06-30,7,16200,0.3336412142936887,755.0,0,0,1,0,0.0,32756.554187599657,0.062187462432234934,108.09975343115514,0,0.0,0,108.09975343115514,0.0,0.0,0.05,270.24938357788784,35.406920609265,72.69283282189014,451.31465969087066,72.69283282189014
101715,41,M,College,Single,$120k+,189000,2021-07-31,8,16200,0.3113890837868637,756.0,0,0,1,0,0.0,31777.101654291953,0.062187462432234934,100.89006314694383,0,0.0,0,100.89006314694383,0.0,0.0,0.05,252.2251578673596,-18.024225710528242,118.91428885747207,570.2289485483427,118.91428885747206
101715,41,M,College,Single,$120k+,189000,2021-08-31,9,16200,0.30746742470337163,756.0,0,0,1,0,0.0,30797.649120984253,0.062187462432234934,99.6194456038924,0,0.0,0,99.6194456038924,0.0,0.0,0.05,249.048614009731,-3.1765438576285874,102.79598946152099,673.0249380098637,102.795989461521
101715,41,M,College,Single,$120k+,189000,2021-09-30,10,16200,0.31945576465820186,756.0,0,0,1,0,0.0,29818.196587676553,0.062187462432234934,103.5036677492574,0,0.0,0,103.5036677492574,0.0,0.0,0.05,258.7591693731435,9.710555363412482,93.79311238584492,766.8180503957086,93.79311238584489
101715,41,M,College,Single,$120k+,189000,2021-10-31,11,16200,0.287320715409913,757.0,0,0,1,0,0.0,28838.744054368854,0.062187462432234934,93.09191179281181,0,0.0,0,93.09191179281181,0.0,0.0,0.05,232.72977948202953,-26.029389891113965,119.12130168392578,885.9393520796344,119.12130168392582
101715,41,M,College,Single,$120k+,189000,2021-11-30,12,16200,0.34507964341364755,755.0,0,0,1,0,0.0,27859.291521061154,0.062187462432234934,111.8058044660218,0,0.0,100,211.8058044660218,0.0,0.0,0.05,279.5145111650545,46.78473168302497,165.02107278299684,1050.9604248626313,165.02107278299684
101715,41,M,College,Single,$120k+,189000,2021-12-31,13,16200,0.31013832024011423,756.0,0,0,0,0,0.0,26879.838987753454,0.062187462432234934,100.48481575779701,0,0.0,0,100.48481575779701,0.0,0.0,0.05,251.21203939449254,-28.302471770561965,128.78728752835897,1179.7477123909903,128.787287528359
101715,42,M,College,Single,$120k+,189000,2022-01-31,14,16200,0.33085229459590204,755.0,0,0,0,0,0.0,25900.386454445754,0.062187462432234934,107.19614344907227,0,0.0,0,107.19614344907227,0.0,0.0,0.05,267.9903586226807,16.77831922818814,90.41782422088413,1270.1655366118744,90.41782422088409
101715,42,M,College,Single,$120k+,189000,2022-02-28,15,16200,0.3154672690660647,756.0,0,0,0,0,0.0,24920.93392113805,0.062187462432234934,102.21139517740495,0,0.0,0,102.21139517740495,0.0,0.0,0.05,255.5284879435124,-12.461870679168271,114.67326585657322,1384.8388024684475,114.67326585657315
101715,42,M,College,Single,$120k+,189000,2022-03-31,16,16200,0.30098179426651883,756.0,0,0,0,0,0.0,23941.481387830354,0.062187462432234934,97.5181013423521,0,0.0,0,97.5181013423521,0.0,0.0,0.05,243.79525335588025,-11.733234587632154,109.25133592998425,1494.0901383984317,109.25133592998418
101715,42,M,College,Single,$120k+,189000,2022-04-30,17,16200,0.31267958197216505,756.0,0,0,0,0,0.0,22962.02885452265,0.062187462432234934,101.30818455898148,0,0.0,0,101.30818455898148,0.0,0.0,0.05,253.2704613974537,9.475208041573438,91.83297651740804,1585.9231149158397,91.83297651740804
101715,42,M,College,Single,$120k+,189000,2022-05-31,18,16200,0.34509631789931994,755.0,0,0,0,0,0.0,21982.57632121495,0.062187462432234934,111.81120699937966,0,0.0,0,111.81120699937966,0.0,0.0,0.05,279.5280174984492,26.257556100995487,85.55365089838418,1671.4767658142239,85.55365089838415
101715,42,M,College,Single,$120k+,189000,2022-06-30,19,16200,0.33195480629148194,755.0,0,0,0,0,0.0,21003.12378790725,0.062187462432234934,107.55335723844016,0,0.0,0,107.55335723844016,0.0,0.0,0.05,268.88339309610035,-10.644624402348825,118.19798164078898,1789.674747455013,118.19798164078907
101715,42,M,College,Single,$120k+,189000,2022-07-31,20,16200,0.31816814613337346,756.0,0,0,0,0,0.0,20023.67125459955,0.062187462432234934,103.08647934721301,0,0.0,0,103.08647934721301,0.0,0.0,0.05,257.7161983680325,-11.167194728067841,114.25367407528086,1903.9284215302937,114.25367407528074
101715,42,M,College,Single,$120k+,189000,2022-08-31,21,16200,0.32824370123642027,755.0,0,0,0,0,0.0,19044.21872129185,0.062187462432234934,106.35095920060017,0,0.0,0,106.35095920060017,0.0,0.0,0.05,265.8773980015004,8.161199633467902,98.18975956713227,2002.118181097426,98.18975956713234
101715,42,M,College,Single,$120k+,189000,2022-09-30,22,16200,0.3450222230067377,755.0,0,0,0,0,0.0,18064.76618798415,0.062187462432234934,111.787200254183,0,0.0,0,111.787200254183,0.0,0.0,0.05,279.46800063545754,13.590602633957133,98.19659762022587,2100.3147787176517,98.1965976202257
101715,42,M,College,Single,$120k+,189000,2022-10-31,23,16200,0.3418756080387282,755.0,0,0,0,0,0.0,17085.31365467645,0.062187462432234934,110.76769700454794,0,0.0,0,110.76769700454794,0.0,0.0,0.05,276.9192425113698,-2.548758124087726,113.31645512863567,2213.6312338462876,113.31645512863588
101715,42,M,College,Single,$120k+,189000,2022-11-30,24,16200,0.28450781123854024,757.0,0,0,0,0,0.0,16105.86112136875,0.062187462432234934,92.18053084128704,0,0.0,100,192.18053084128704,0.0,0.0,0.05,230.4513271032176,-46.46791540815221,238.64844624943925,2452.2796800957267,238.64844624943908
101715,42,M,College,Single,$120k+,189000,2022-12-31,25,16200,0.3401428039660762,755.0,0,0,0,0,0.0,15126.408588061051,0.062187462432234934,110.20626848500869,0,0.0,0,110.20626848500869,0.0,0.0,0.05,275.51567121252174,45.06434410930413,65.14192437570456,2517.4216044714312,65.14192437570455
101715,43,M,College,Single,$120k+,189000,2023-01-31,26,16200,0.3486153954771437,755.0,0,0,0,0,0.0,14146.956054753351,0.062187462432234934,112.95138813459457,0,0.0,0,112.95138813459457,0.0,0.0,0.05,282.37847033648643,6.862799123964692,106.08858901062987,2623.510193482061,106.08858901062968
101715,43,M,College,Single,$120k+,189000,2023-02-28,27,16200,0.32698822164405905,755.0,0,0,0,0,0.0,13167.503521445651,0.062187462432234934,105.94418381267513,0,0.0,0,105.94418381267513,0.0,0.0,0.05,264.8604595316878,-17.51801080479862,123.46219461747376,2746.972388099535,123.46219461747387
101715,43,M,College,Single,$120k+,189000,2023-03-31,28,16200,0.3431605230997925,755.0,0,0,0,0,0.0,12188.050988137948,0.062187462432234934,111.18400948433276,0,0.0,0,111.18400948433276,0.0,0.0,0.05,277.96002371083193,13.099564179144124,98.08444530518864,2845.0568334047234,98.08444530518864
101715,43,M,College,Single,$120k+,189000,2023-04-30,29,16200,0.2935775707367459,757.0,0,0,0,0,0.0,11208.598454830248,0.062187462432234934,95.11913291870567,0,0.0,0,95.11913291870567,0.0,0.0,0.05,237.79783229676417,-40.16219141406776,135.28132433277344,2980.3381577374967,135.28132433277324
101715,43,M,College,Single,$120k+,189000,2023-05-31,30,16200,0.29938410899980555,757.0,0,0,0,0,0.0,10229.145921522548,0.062187462432234934,97.00045131593701,0,0.0,0,97.00045131593701,0.0,0.0,0.05,242.5011282898425,4.703295993078342,92.29715532285867,3072.635313060355,92.29715532285854
101715,43,M,College,Single,$120k+,189000,2023-06-30,31,16200,0.323741721989976,756.0,0,0,0,0,0.0,9249.693388214848,0.062187462432234934,104.89231792475222,0,0.0,0,104.89231792475222,0.0,0.0,0.05,262.2307948118805,19.729666522038002,85.16265140271422,3157.7979644630695,85.16265140271435
101715,43,M,College,Single,$120k+,189000,2023-07-31,32,16200,0.2982361431318708,757.0,0,0,0,0,0.0,8270.240854907148,0.062187462432234934,96.62851037472615,0,0.0,0,96.62851037472615,0.0,0.0,0.05,241.57127593681534,-20.659518875065174,117.28802924979132,3275.0859937128607,117.28802924979118
101715,43,M,College,Single,$120k+,189000,2023-08-31,33,16200,0.3234362234685016,756.0,0,0,0,0,0.0,7290.788321599448,0.062187462432234934,104.79333640379451,0,0.0,0,104.79333640379451,0.0,0.0,0.05,261.9833410094863,20.41206507267097,84.38127133112354,3359.4672650439843,84.38127133112357
101715,43,M,College,Single,$120k+,189000,2023-09-30,34,16200,0.29294545663054666,757.0,0,0,0,0,0.0,6311.335788291748,0.062187462432234934,94.91432794829713,0,0.0,0,94.91432794829713,0.0,0.0,0.05,237.28581987074278,-24.697521138743525,119.61184908704065,3479.079114131025,119.61184908704081
101715,43,M,College,Single,$120k+,189000,2023-10-31,35,16200,0.3126114389496856,756.0,0,0,0,0,0.0,5331.8832549840445,0.062187462432234934,101.28610621969814,0,0.0,0,101.28610621969814,0.0,0.0,0.05,253.21526554924534,15.92944567850256,85.35666054119558,3564.4357746722208,85.35666054119565
101715,43,M,College,Single,$120k+,189000,2023-11-30,36,16200,0.3319359932715581,755.0,0,0,0,0,0.0,4352.430721676348,0.062187462432234934,107.54726181998481,0,0.0,100,207.5472618199848,0.0,0.0,0.05,268.86815454996207,15.652889000716726,191.89437281926809,3756.330147491489,191.89437281926803
101715,43,M,College,Single,$120k+,189000,2023-12-31,37,16200,0.3245889062602708,756.0,0,0,0,0,0.0,3372.9781883686446,0.062187462432234934,105.16680562832775,0,0.0,0,105.16680562832775,0.0,0.0,0.05,262.91701407081933,-5.951140479142737,111.11794610747049,3867.448093598959,111.11794610747029
101715,44,M,College,Single,Less than $40k,0,2024-01-31,38,16200,0.21319903941017154,760.0,2,1,1,0,3108.4419946003013,9589.862177569248,8.4,3.453824438444779,0,63.74896457259451,0,67.20278901103929,0.1,0.25,0.65,2244.985884989106,1982.0688709182868,-1914.8660819072475,1952.5820116917116,-1914.8660819072475
101715,44,M,College,Single,Less than $40k,0,2024-02-29,39,16200,0.21975175008458012,760.0,2,1,1,0,3203.980516233178,8801.486687527304,8.600000000000001,3.5599783513701984,0,65.70830042041543,0,69.26827877178563,0.1,0.25,0.65,2313.9859283906285,69.00004340152236,0.2682353702632696,1952.8502470619749,0.2682353702632554
101715,44,M,College,Single,Less than $40k,0,2024-03-31,40,16200,0.6125191450657481,728.0,2,1,1,0,8930.529135058607,19275.131391870458,8.8,9.92281015006512,0,183.1502683448269,0,193.07307849489203,0.1,0.25,0.65,6449.826597542327,4135.840669151699,-3942.7675906568074,-1989.9173435948326,-3942.7675906568074
101715,44,M,College,Single,Less than $40k,0,2024-04-30,41,16200,0.816425577944448,712.0,2,1,1,0,11903.484926430052,24241.590441305652,9.0,13.22609436270006,0,244.1206366995363,0,257.34673106223636,0.1,0.25,0.65,8596.961335755037,2147.1347382127096,-1889.7880071504733,-3879.7053507453056,-1889.788007150473
101715,44,M,College,Single,Less than $40k,0,2024-05-31,42,16200,0.9974072752006726,704.0,2,2,1,0,16157.997858250896,31771.163771639636,9.200000000000001,16.157997858250898,0,331.37360607629546,0,347.53160393454635,0.15,0.25,0.8500000000000001,13734.298179513264,5137.336843758227,-4789.8052398236805,-8669.510590568985,-4789.80523982368
101715,44,M,College,Single,Less than $40k,0,2024-06-30,43,16200,0.9826080721249392,704.0,2,2,1,0,15918.250768424015,30312.21705867818,9.4,15.918250768424016,0,326.4567928424292,0,342.3750436108532,0.15,0.25,0.8500000000000001,13530.513153160415,-203.78502635284894,546.1600699637022,-8123.350520605283,546.160069963702
101715,44,M,College,Single,Less than $40k,0,2024-07-31,44,16200,0.9992634288337988,704.0,2,2,1,0,16188.067547107541,29872.398082737527,9.6,16.188067547107543,0,331.9902852785971,0,348.1783528257047,0.15,0.25,0.8500000000000001,13759.857415041412,229.34426188099678,118.8340909447079,-8004.516429660575,118.8340909447079
101715,44,M,College,Single,Less than $40k,0,2024-08-31,45,16200,0.9921661785366379,704.0,2,2,1,0,16073.092092293535,28662.99463980181,9.8,16.073092092293535,0,329.6323303261199,0,345.7054224184135,0.15,0.25,0.8500000000000001,13662.128278449505,-97.72913659190635,443.43455901031984,-7561.081870650256,443.4345590103194
101715,44,M,College,Single,Less than $40k,0,2024-09-30,46,16200,0.9829714599958661,704.0,2,2,1,0,15924.137651933032,27385.63322577311,10.0,15.924137651933034,0,326.5775230117266,0,342.50166066365966,0.15,0.25,0.8500000000000001,13535.517004143077,-126.61127430642773,469.1129349700874,-7091.968935680168,469.11293497008774
101715,44,M,College,Single,Less than $40k,0,2024-10-31,47,16200,0.9901146646461939,704.0,2,2,1,0,16039.857567268342,26637.620523136025,10.200000000000001,16.039857567268342,0,328.95074560872825,0,344.9906031759966,0.15,0.25,0.8500000000000001,13633.878932178091,98.36192803501399,246.62867514098264,-6845.340260539186,246.62867514098252
101716,40,M,College,Single,$120k+,189000,2020-12-31,1,15300,0.29709648420945417,757.0,0,0,1,0,0.0,38690.88915702963,0.06221938078777283,90.91152416809298,0,0.0,0,90.91152416809298,0.0,0.0,0.05,227.27881042023245,227.27881042023245,-136.36728625213948,-136.36728625213948,-136.36728625213948
101716,41,M,College,Single,$120k+,189000,2021-01-31,2,15300,0.2863236767818626,757.0,0,0,1,0,0.0,37710.93390962221,0.06221938078777283,87.61504509524995,0,0.0,0,87.61504509524995,0.0,0.0,0.05,219.0376127381249,-8.241197682107554,95.85624277735751,-40.51104347478197,95.85624277735751
101716,41,M,College,Single,$120k+,189000,2021-02-28,3,15300,0.302771863656701,756.0,0,0,1,0,0.0,36730.97866221479,0.06221938078777283,92.64819027895052,0,0.0,0,92.64819027895052,0.0,0.0,0.05,231.62047569737626,12.582862959251372,80.06532731969915,39.55428384491718,80.06532731969915
101716,41,M,College,Single,$120k+,189000,2021-03-31,4,15300,0.28350299055351275,757.0,0,0,1,0,0.0,35751.023414807365,0.06221938078777283,86.75191510937489,0,0.0,0,86.75191510937489,0.0,0.0,0.05,216.87978777343724,-14.74068792393902,101.49260303331391,141.04688687823108,101.4926030333139
101716,41,M,College,Single,$120k+,189000,2021-04-30,5,15300,0.3242855048031914,756.0,0,0,1,0,0.0,34771.06816739994,0.06221938078777283,99.23136446977657,0,0.0,0,99.23136446977657,0.0,0.0,0.05,248.0784111744414,31.19862340100417,68.0327410687724,209.07962794700347,68.0327410687724
101716,41,M,College,Single,$120k+,189000,2021-05-31,6,15300,0.31233719367758145,756.0,0,0,1,0,0.0,33791.11291999252,0.06221938078777283,95.57518126533992,0,0.0,0,95.57518126533992,0.0,0.0,0.05,238.93795316334982,-9.140458011091596,104.71563927643152,313.79526722343496,104.71563927643149
101716,41,M,College,Single,$120k+,189000,2021-06-30,7,15300,0.30628293735196344,756.0,0,0,1,0,0.0,32811.1576725851,0.06221938078777283,93.72257882970082,0,0.0,0,93.72257882970082,0.0,0.0,0.05,234.30644707425202,-4.6315060890977975,98.35408491879862,412.14935214223357,98.3540849187986
101716,41,M,College,Single,$120k+,189000,2021-07-31,8,15300,0.3194134527181734,756.0,0,0,1,0,0.0,31831.20242517768,0.06221938078777283,97.74051653176106,0,0.0,0,97.74051653176106,0.0,0.0,0.05,244.35129132940264,10.044844255150622,87.69567227661044,499.845024418844,87.69567227661042
101716,41,M,College,Single,$120k+,189000,2021-08-31,9,15300,0.2917665446962995,757.0,0,0,1,0,0.0,30851.247177770256,0.06221938078777283,89.28056267706765,0,0.0,0,89.28056267706765,0.0,0.0,0.05,223.2014066926691,-21.149884636733532,110.43044731380118,610.2754717326452,110.43044731380121
101716,41,M,College,Single,$120k+,189000,2021-09-30,10,15300,0.32082544729103474,756.0,0,0,1,0,0.0,29871.291930362833,0.06221938078777283,98.17258687105664,0,0.0,0,98.17258687105664,0.0,0.0,0.05,245.43146717764157,22.230060484972455,75.94252638608418,686.2179981187294,75.94252638608418
101716,41,M,College,Single,$120k+,189000,2021-10-31,11,15300,0.32509772010491145,755.0,0,0,1,0,0.0,28891.33668295541,0.06221938078777283,99.47990235210291,0,0.0,0,99.47990235210291,0.0,0.0,0.05,248.69975588025727,3.268288702615706,96.2116136494872,782.4296117682165,96.21161364948716
101716,41,M,College,Single,$120k+,189000,2021-11-30,12,15300,0.33168879003416313,755.0,0,0,1,0,0.0,27911.38143554799,0.06221938078777283,101.49676975045392,0,0.0,100,201.49676975045392,0.0,0.0,0.05,253.7419243761348,5.042168495877519,196.4546012545764,978.8842130227929,196.45460125457635
101716,41,M,College,Single,$120k+,189000,2021-12-31,13,15300,0.297843191498251,757.0,0,0,0,0,0.0,26931.42618814057,0.06221938078777283,91.14001659846481,0,0.0,0,91.14001659846481,0.0,0.0,0.05,227.85004149616202,-25.89188287997277,117.03189947843758,1095.9161125012304,117.03189947843748
101716,42,M,College,Single,$120k+,189000,2022-01-31,14,15300,0.29856093878760515,757.0,0,0,0,0,0.0,25951.470940733147,0.06221938078777283,91.35964726900718,0,0.0,0,91.35964726900718,0.0,0.0,0.05,228.39911817251794,0.5490766763559236,90.81057059265126,1186.7266830938815,90.81057059265117
101716,42,M,College,Single,$120k+,189000,2022-02-28,15,15300,0.31521941625847544,756.0,0,0,0,0,0.0,24971.515693325724,0.06221938078777283,96.45714137509349,0,0.0,0,96.45714137509349,0.0,0.0,0.05,241.14285343773372,12.743735265215776,83.71340610987771,1270.4400892037593,83.71340610987772
101716,42,M,College,Single,$120k+,189000,2022-03-31,16,15300,0.3209945473367026,756.0,0,0,0,0,0.0,23991.5604459183,0.06221938078777283,98.22433148503099,0,0.0,0,98.22433148503099,0.0,0.0,0.05,245.56082871257746,4.417975274843741,93.80635621018725,1364.2464454139465,93.80635621018723
101716,42,M,College,Single,$120k+,189000,2022-04-30,17,15300,0.30857776477868626,756.0,0,0,0,0,0.0,23011.60519851088,0.06221938078777283,94.42479602227799,0,0.0,0,94.42479602227799,0.0,0.0,0.05,236.061990055695,-9.49883865688247,103.92363467916046,1468.170080093107,103.92363467916039
101716,42,M,College,Single,$120k+,189000,2022-05-31,18,15300,0.3229771051254618,756.0,0,0,0,0,0.0,22031.649951103456,0.06221938078777283,98.83099416839131,0,0.0,0,98.83099416839131,0.0,0.0,0.05,247.07748542097826,11.015495365283272,87.81549880310804,1555.985578896215,87.81549880310808
101716,42,M,College,Single,$120k+,189000,2022-06-30,19,15300,0.31649596391861284,756.0,0,0,0,0,0.0,21051.694703696034,0.06221938078777283,96.84776495909553,0,0.0,0,96.84776495909553,0.0,0.0,0.05,242.1194123977388,-4.95807302323945,101.80583798233498,1657.7914168785499,101.80583798233488
101716,42,M,College,Single,$120k+,189000,2022-07-31,20,15300,0.2989881881796669,757.0,0,0,0,0,0.0,20071.73945628861,0.06221938078777283,91.49038558297808,0,0.0,0,91.49038558297808,0.0,0.0,0.05,228.72596395744517,-13.39344844029364,104.88383402327172,1762.6752509018215,104.88383402327167
101716,42,M,College,Single,$120k+,189000,2022-08-31,21,15300,0.30848996250414584,756.0,0,0,0,0,0.0,19091.78420888119,0.06221938078777283,94.39792852626863,0,0.0,0,94.39792852626863,0.0,0.0,0.05,235.99482131567157,7.2688573582263984,87.12907116804223,1849.8043220698637,87.12907116804217
101716,42,M,College,Single,$120k+,189000,2022-09-30,22,15300,0.3254286377840264,755.0,0,0,0,0,0.0,18111.82896147377,0.06221938078777283,99.58116316191209,0,0.0,0,99.58116316191209,0.0,0.0,0.05,248.9529079047802,12.958086589108632,86.62307657280346,1936.4273986426672,86.62307657280348
101716,42,M,College,Single,$120k+,189000,2022-10-31,23,15300,0.29276951219614,757.0,0,0,0,0,0.0,17131.873714066347,0.06221938078777283,89.58747073201884,0,0.0,0,89.58747073201884,0.0,0.0,0.05,223.96867683004712,-24.98423107473309,114.57170180675193,2050.999100449419,114.57170180675189
101716,42,M,College,Single,$120k+,189000,2022-11-30,24,15300,0.2955301587758187,757.0,0,0,0,0,0.0,16151.918466658924,0.06221938078777283,90.43222858540052,0,0.0,100,190.43222858540054,0.0,0.0,0.05,226.0805714635013,2.1118946334541704,188.32033395194637,2239.3194344013655,188.3203339519464
101716,42,M,College,Single,$120k+,189000,2022-12-31,25,15300,0.3045674492572814,756.0,0,0,0,0,0.0,15171.963219251502,0.06221938078777283,93.19763947272811,0,0.0,0,93.19763947272811,0.0,0.0,0.05,232.99409868182028,6.91352721831899,86.28411225440912,2325.6035466557746,86.28411225440914
101716,43,M,College,Single,$120k+,189000,2023-01-31,26,15300,0.34985523439426713,755.0,0,0,0,0,0.0,14192.00797184408,0.06221938078777283,107.05570172464576,0,0.0,0,107.05570172464576,0.0,0.0,0.05,267.63925431161437,34.64515562979409,72.41054609485167,2398.0140927506263,72.41054609485172
101716,43,M,College,Single,$120k+,189000,2023-02-28,27,15300,0.2876345835189709,757.0,0,0,0,0,0.0,13212.052724436657,0.06221938078777283,88.0161825568051,0,0.0,0,88.0161825568051,0.0,0.0,0.05,220.04045639201274,-47.59879791960162,135.61498047640674,2533.629073227033,135.6149804764068
101716,43,M,College,Single,$120k+,189000,2023-03-31,28,15300,0.3411711494677966,755.0,0,0,0,0,0.0,12232.097477029234,0.06221938078777283,104.39837173714575,0,0.0,0,104.39837173714575,0.0,0.0,0.05,260.9959293428644,40.95547295085163,63.44289878629412,2597.0719720133275,63.442898786294336
101716,43,M,College,Single,$120k+,189000,2023-04-30,29,15300,0.3472079624848774,755.0,0,0,0,0,0.0,11252.142229621815,0.06221938078777283,106.24563652037249,0,0.0,0,106.24563652037249,0.0,0.0,0.05,265.6140913009312,4.618161958066821,101.62747456230566,2698.699446575633,101.62747456230545
101716,43,M,College,Single,$120k+,189000,2023-05-31,30,15300,0.319321271613317,756.0,0,0,0,0,0.0,10272.186982214393,0.06221938078777283,97.712309113675,0,0.0,0,97.712309113675,0.0,0.0,0.05,244.28077278418752,-21.333318516743674,119.04562763041868,2817.7450742060514,119.0456276304185
101716,43,M,College,Single,$120k+,189000,2023-06-30,31,15300,0.3394353813565231,755.0,0,0,0,0,0.0,9292.23173480697,0.06221938078777283,103.86722669509606,0,0.0,0,103.86722669509606,0.0,0.0,0.05,259.6680667377402,15.3872939535527,88.47993274154337,2906.225006947595,88.47993274154351
101716,43,M,College,Single,$120k+,189000,2023-07-31,32,15300,0.3270243391598314,755.0,0,0,0,0,0.0,8312.276487399547,0.06221938078777283,100.06944778290841,0,0.0,0,100.06944778290841,0.0,0.0,0.05,250.17361945727103,-9.494447280469188,109.5638950633776,3015.7889020109724,109.56389506337746
101716,43,M,College,Single,$120k+,189000,2023-08-31,33,15300,0.29905476976801904,757.0,0,0,0,0,0.0,7332.321239992125,0.06221938078777283,91.51075954901383,0,0.0,0,91.51075954901383,0.0,0.0,0.05,228.77689887253456,-21.39672058473647,112.9074801337503,3128.6963821447225,112.90748013375014
101716,43,M,College,Single,$120k+,189000,2023-09-30,34,15300,0.3273280421407045,755.0,0,0,0,0,0.0,6352.365992584702,0.06221938078777283,100.16238089505558,0,0.0,0,100.16238089505558,0.0,0.0,0.05,250.40595223763893,21.62905336510437,78.53332752995121,3207.229709674674,78.5333275299513
101716,43,M,College,Single,$120k+,189000,2023-10-31,35,15300,0.2948930846492997,757.0,0,0,0,0,0.0,5372.41074517728,0.06221938078777283,90.2372839026857,0,0.0,0,90.2372839026857,0.0,0.0,0.05,225.59320975671426,-24.81274248092467,115.05002638361037,3322.279736058284,115.0500263836102
101716,43,M,College,Single,$120k+,189000,2023-11-30,36,15300,0.3338245439002375,755.0,0,0,0,0,0.0,4392.455497769857,0.06221938078777283,102.15031043347268,0,0.0,100,202.15031043347267,0.0,0.0,0.05,255.3757760836817,29.78256632696744,172.36774410650523,3494.647480164789,172.36774410650514
101716,43,M,College,Single,$120k+,189000,2023-12-31,37,15300,0.3498859872365456,755.0,0,0,0,0,0.0,3412.5002503624346,0.06221938078777283,107.06511209438297,0,0.0,0,107.06511209438297,0.0,0.0,0.05,267.6627802359574,12.287004152275728,94.77810794210724,3589.4255881068966,94.77810794210745
101716,44,M,College,Single,Less than $40k,0,2024-01-31,38,15300,0.2115947435356276,760.0,2,1,1,0,2913.659618485592,9239.819487333618,8.4,3.2373995760951026,0,59.75430267577535,0,62.99170225187045,0.1,0.25,0.65,2104.3097244618166,1836.6469442258592,-1773.6552419739887,1815.770346132908,-1773.6552419739887
101716,44,M,College,Single,Less than $40k,0,2024-02-29,39,15300,0.21490045696810262,760.0,2,1,1,0,2959.179292450773,8350.90358785656,8.600000000000001,3.28797699161197,0,60.68783532267794,0,63.97581231428991,0.1,0.25,0.65,2137.1850445477803,32.87532008596372,31.10049222832619,1846.870838361234,31.100492228326175
101716,44,M,College,Single,Less than $40k,0,2024-03-31,40,15300,0.6172467912023978,728.0,2,1,1,0,8499.488314857017,18451.566385261624,8.8,9.443875905396686,0,174.3103395238593,0,183.754215429256,0.1,0.25,0.65,6138.5193385078455,4001.334293960065,-3817.5800785308093,-1970.7092401695752,-3817.5800785308093
101716,44,M,College,Single,Less than $40k,0,2024-04-30,41,15300,0.815527977402897,712.0,2,1,1,0,11229.820248837892,22932.27500581595,9.0,12.477578054264326,0,230.30489693658376,0,242.78247499084807,0.1,0.25,0.65,8110.4257352718105,1971.906396763965,-1729.1239217731168,-3699.8331619426917,-1729.1239217731165
101716,44,M,College,Single,Less than $40k,0,2024-05-31,42,15300,0.9971372317725161,704.0,2,2,1,0,15256.199646119496,30005.078552971736,9.200000000000001,15.256199646119496,0,312.87922774250063,0,328.13542738862014,0.15,0.25,0.8500000000000001,12967.769699201574,4857.343963929763,-4529.208536541143,-8229.041698483834,-4529.208536541142
101716,44,M,College,Single,Less than $40k,0,2024-06-30,43,15300,0.9839759308583841,704.0,2,2,1,0,15054.831742133276,28622.38749759188,9.4,15.054831742133276,0,308.7495076449166,0,323.8043393870499,0.15,0.25,0.8500000000000001,12796.606980813287,-171.16271838828652,494.9670577753364,-7734.074640708497,494.9670577753368
101716,44,M,College,Single,Less than $40k,0,2024-07-31,44,15300,0.9834302975166207,704.0,2,2,1,0,15046.483552004296,27625.7358699265,9.6,15.046483552004297,0,308.5783001790214,0,323.62478373102573,0.15,0.25,0.8500000000000001,12789.511019203654,-7.0959616096333775,330.7207453406591,-7403.353895367838,330.72074534065905
101716,44,M,College,Single,Less than $40k,0,2024-08-31,45,15300,0.9874430451858629,704.0,2,2,1,0,15107.878591343702,26768.57070119789,9.8,15.107878591343704,0,309.83741011080707,0,324.9452887021508,0.15,0.25,0.8500000000000001,12841.69680264215,52.18578343849549,272.7595052636553,-7130.594390104183,272.7595052636552
101716,44,M,College,Single,Less than $40k,0,2024-09-30,46,15300,0.9899678179582269,704.0,2,2,1,0,15146.50761476087,25865.873500624803,10.0,15.146507614760871,0,310.62962699938754,0,325.7761346141484,0.15,0.25,0.8500000000000001,12874.531472546741,32.834669904592374,292.94146470955604,-6837.652925394626,292.9414647095564
101716,44,M,College,Single,Less than $40k,0,2024-10-31,47,15300,0.9825573784491405,704.0,2,2,1,0,15033.12789027185,24659.158804239338,10.200000000000001,15.033127890271851,0,308.3043978163252,0,323.33752570659703,0.15,0.25,0.8500000000000001,12778.158706731074,-96.37276581566766,419.7102915222647,-6417.9426338723615,419.7102915222649
101717,40,M,College,Single,$120k+,189000,2020-12-31,1,15600,0.2962405664871155,757.0,0,0,1,0,0.0,38664.931728371914,0.0581289095341033,92.42705674398003,0,0.0,0,92.42705674398003,0.0,0.0,0.05,231.0676418599501,231.0676418599501,-138.64058511597005,-138.64058511597005,-138.64058511597005
101717,41,M,College,Single,$120k+,189000,2021-01-31,2,15600,0.34988813746327785,755.0,0,0,1,0,0.0,37749.401403209784,0.0581289095341033,109.16509888854269,0,0.0,0,109.16509888854269,0.0,0.0,0.05,272.9127472213567,41.84510536140661,67.31999352713608,-71.32059158883398,67.31999352713608
101717,41,M,College,Single,$120k+,189000,2021-02-28,3,15600,0.32136683454327336,756.0,0,0,1,0,0.0,36833.87107804766,0.0581289095341033,100.26645237750128,0,0.0,0,100.26645237750128,0.0,0.0,0.05,250.66613094375322,-22.246616277603493,122.51306865510477,51.1924770662708,122.51306865510477
101717,41,M,College,Single,$120k+,189000,2021-03-31,4,15600,0.3470778963644674,755.0,0,0,1,0,0.0,35918.34075288553,0.0581289095341033,108.28830366571383,0,0.0,0,108.28830366571383,0.0,0.0,0.05,270.7207591642846,20.054628220531356,88.23367544518247,139.42615251145327,88.23367544518247
101717,41,M,College,Single,$120k+,189000,2021-04-30,5,15600,0.3326243712137188,755.0,0,0,1,0,0.0,35002.81042772341,0.0581289095341033,103.77880381868026,0,0.0,0,103.77880381868026,0.0,0.0,0.05,259.44700954670066,-11.273749617583917,115.05255343626418,254.47870594771746,115.05255343626419
101717,41,M,College,Single,$120k+,189000,2021-05-31,6,15600,0.3298518734773141,755.0,0,0,1,0,0.0,34087.28010256128,0.0581289095341033,102.913784524922,0,0.0,0,102.913784524922,0.0,0.0,0.05,257.284461312305,-2.162548234395672,105.07633275931767,359.5550387070351,105.07633275931767
101717,41,M,College,Single,$120k+,189000,2021-06-30,7,15600,0.29205226711123067,757.0,0,0,1,0,0.0,33171.74977739915,0.0581289095341033,91.12030733870397,0,0.0,0,91.12030733870397,0.0,0.0,0.05,227.80076834675992,-29.48369296554506,120.60400030424903,480.15903901128416,120.60400030424904
101717,41,M,College,Single,$120k+,189000,2021-07-31,8,15600,0.318073124579705,756.0,0,0,1,0,0.0,32256.219452237026,0.0581289095341033,99.23881486886796,0,0.0,0,99.23881486886796,0.0,0.0,0.05,248.0970371721699,20.29626882540998,78.94254604345798,559.1015850547421,78.94254604345798
101717,41,M,College,Single,$120k+,189000,2021-08-31,9,15600,0.31246637017858464,756.0,0,0,1,0,0.0,31340.689127074897,0.0581289095341033,97.48950749571841,0,0.0,0,97.48950749571841,0.0,0.0,0.05,243.72376873929602,-4.373268432873886,101.8627759285923,660.9643609833345,101.86277592859233
101717,41,M,College,Single,$120k+,189000,2021-09-30,10,15600,0.29358784237670416,757.0,0,0,1,0,0.0,30425.15880191277,0.0581289095341033,91.5994068215317,0,0.0,0,91.5994068215317,0.0,0.0,0.05,228.99851705382923,-14.725251685466787,106.32465850699849,767.289019490333,106.3246585069985
101717,41,M,College,Single,$120k+,189000,2021-10-31,11,15600,0.3264054544399098,755.0,0,0,1,0,0.0,29509.628476750644,0.0581289095341033,101.83850178525186,0,0.0,0,101.83850178525186,0.0,0.0,0.05,254.59625446312967,25.597737409300436,76.24076437595143,843.5297838662844,76.24076437595147
101717,41,M,College,Single,$120k+,189000,2021-11-30,12,15600,0.2810103462175935,757.0,0,0,1,0,0.0,28594.098151588514,0.0581289095341033,87.67522801988919,0,0.0,100,187.67522801988918,0.0,0.0,0.05,219.18807004972294,-35.40818441340673,223.0834124332959,1066.6131962995803,223.08341243329585
101717,41,M,College,Single,$120k+,189000,2021-12-31,13,15600,0.2978781358734773,757.0,0,0,0,0,0.0,27678.56782642639,0.0581289095341033,92.93797839252491,0,0.0,0,92.93797839252491,0.0,0.0,0.05,232.34494598131226,13.156875931589326,79.78110246093559,1146.394298760516,79.7811024609357
101717,42,M,College,Single,$120k+,189000,2022-01-31,14,15600,0.3414718655496951,755.0,0,0,0,0,0.0,26763.03750126426,0.0581289095341033,106.53922205150488,0,0.0,0,106.53922205150488,0.0,0.0,0.05,266.3480551287622,34.00310914744995,72.53611290405493,1218.930411664571,72.53611290405502
101717,42,M,College,Single,$120k+,189000,2022-02-28,15,15600,0.2996534485133728,757.0,0,0,0,0,0.0,25847.507176102135,0.0581289095341033,93.4918759361723,0,0.0,0,93.4918759361723,0.0,0.0,0.05,233.72968984043078,-32.61836528833143,126.11024122450374,1345.0406528890749,126.11024122450385
101717,42,M,College,Single,$120k+,189000,2022-03-31,16,15600,0.34969352073850796,755.0,0,0,0,0,0.0,24931.97685094001,0.0581289095341033,109.10437847041449,0,0.0,0,109.10437847041449,0.0,0.0,0.05,272.7609461760362,39.031256335605434,70.07312213480905,1415.1137750238838,70.07312213480895
101717,42,M,College,Single,$120k+,189000,2022-04-30,17,15600,0.3243951494236601,756.0,0,0,0,0,0.0,24016.44652577788,0.0581289095341033,101.21128662018195,0,0.0,0,101.21128662018195,0.0,0.0,0.05,253.02821655045489,-19.732729625581328,120.94401624576328,1536.0577912696472,120.94401624576335
101717,42,M,College,Single,$120k+,189000,2022-05-31,18,15600,0.3490150411541048,755.0,0,0,0,0,0.0,23100.916200615757,0.0581289095341033,108.89269284008071,0,0.0,0,108.89269284008071,0.0,0.0,0.05,272.2317321002017,19.20351554974684,89.68917729033387,1625.746968559981,89.68917729033387
101717,42,M,College,Single,$120k+,189000,2022-06-30,19,15600,0.2932097821410462,757.0,0,0,0,0,0.0,22185.385875453627,0.0581289095341033,91.48145202800643,0,0.0,0,91.48145202800643,0.0,0.0,0.05,228.70363007001603,-43.52810203018569,135.00955405819212,1760.7565226181732,135.00955405819218
101717,42,M,College,Single,$120k+,189000,2022-07-31,20,15600,0.28754902493841533,757.0,0,0,0,0,0.0,21269.8555502915,0.0581289095341033,89.71529578078558,0,0.0,0,89.71529578078558,0.0,0.0,0.05,224.28823945196396,-4.415390618052072,94.13068639883765,1854.887209017011,94.13068639883772
101717,42,M,College,Single,$120k+,189000,2022-08-31,21,15600,0.2959124629596739,757.0,0,0,0,0,0.0,20354.325225129374,0.0581289095341033,92.32468844341825,0,0.0,0,92.32468844341825,0.0,0.0,0.05,230.81172110854564,6.52348165658168,85.80120678683657,1940.6884158038474,85.80120678683647
101717,42,M,College,Single,$120k+,189000,2022-09-30,22,15600,0.2818363870194696,757.0,0,0,0,0,0.0,19438.794899967244,0.0581289095341033,87.93295275007453,0,0.0,0,87.93295275007453,0.0,0.0,0.05,219.8323818751863,-10.979339233359354,98.91229198343389,2039.6007077872814,98.91229198343399
101717,42,M,College,Single,$120k+,189000,2022-10-31,23,15600,0.2921747651193635,757.0,0,0,0,0,0.0,18523.264574805118,0.0581289095341033,91.15852671724143,0,0.0,0,91.15852671724143,0.0,0.0,0.05,227.89631679310355,8.063934917917265,83.09459179932416,2122.6952995866054,83.09459179932401
101717,42,M,College,Single,$120k+,189000,2022-11-30,24,15600,0.32568151817297764,755.0,0,0,0,0,0.0,17607.734249642992,0.0581289095341033,101.61263366996901,0,0.0,100,201.612633669969,0.0,0.0,0.05,254.03158417492256,26.135267381819006,175.47736628815,2298.1726658747552,175.47736628814982
101717,42,M,College,Single,$120k+,189000,2022-12-31,25,15600,0.3222682949329936,756.0,0,0,0,0,0.0,16692.203924480866,0.0581289095341033,100.54770801909399,0,0.0,0,100.54770801909399,0.0,0.0,0.05,251.369270047735,-2.662314127187557,103.21002214628155,2401.3826880210368,103.21002214628152
101717,43,M,College,Single,$120k+,189000,2023-01-31,26,15600,0.3220527426115802,756.0,0,0,0,0,0.0,15776.67359931874,0.0581289095341033,100.48045569481302,0,0.0,0,100.48045569481302,0.0,0.0,0.05,251.20113923703255,-0.16813081070245062,100.64858650551547,2502.0312745265524,100.6485865055156
101717,43,M,College,Single,$120k+,189000,2023-02-28,27,15600,0.2885042882820493,757.0,0,0,0,0,0.0,14861.14327415661,0.0581289095341033,90.0133379439994,0,0.0,0,90.0133379439994,0.0,0.0,0.05,225.03334485999846,-26.167794377034085,116.18113232103349,2618.212406847586,116.1811323210336
101717,43,M,College,Single,$120k+,189000,2023-03-31,28,15600,0.32215817193495444,756.0,0,0,0,0,0.0,13945.612948994483,0.0581289095341033,100.5133496437058,0,0.0,0,100.5133496437058,0.0,0.0,0.05,251.28337410926446,26.250029249265992,74.2633203944398,2692.4757272420256,74.26332039443969
101717,43,M,College,Single,$120k+,189000,2023-04-30,29,15600,0.3473502872628226,755.0,0,0,0,0,0.0,13030.082623832357,0.0581289095341033,108.37328962600064,0,0.0,0,108.37328962600064,0.0,0.0,0.05,270.9332240650016,19.649849955737125,88.72343967026352,2781.199166912289,88.72343967026336
101717,43,M,College,Single,$120k+,189000,2023-05-31,30,15600,0.2884530656774232,757.0,0,0,0,0,0.0,12114.55229867023,0.0581289095341033,89.99735649135604,0,0.0,0,89.99735649135604,0.0,0.0,0.05,224.9933912283901,-45.93983283661149,135.93718932796753,2917.1363562402566,135.93718932796764
101717,43,M,College,Single,$120k+,189000,2023-06-30,31,15600,0.28783215413030555,757.0,0,0,0,0,0.0,11199.021973508101,0.0581289095341033,89.80363208865535,0,0.0,0,89.80363208865535,0.0,0.0,0.05,224.50908022163833,-0.4843110067517671,90.28794309540712,3007.424299335664,90.28794309540717
101717,43,M,College,Single,$120k+,189000,2023-07-31,32,15600,0.2841876828395259,757.0,0,0,0,0,0.0,10283.491648345975,0.0581289095341033,88.66655704593208,0,0.0,0,88.66655704593208,0.0,0.0,0.05,221.6663926148302,-2.8426876068081413,91.50924465274022,3098.933543988404,91.50924465274011
101717,43,M,College,Single,$120k+,189000,2023-08-31,33,15600,0.32082310604805436,756.0,0,0,0,0,0.0,9367.961323183848,0.0581289095341033,100.09680908699296,0,0.0,0,100.09680908699296,0.0,0.0,0.05,250.2420227174824,28.575630102652212,71.52117898434075,3170.4547229727445,71.52117898434062
101717,43,M,College,Single,$120k+,189000,2023-09-30,34,15600,0.32368730287788083,756.0,0,0,0,0,0.0,8452.430998021722,0.0581289095341033,100.99043849789882,0,0.0,0,100.99043849789882,0.0,0.0,0.05,252.47609624474705,2.2340735272646555,98.75636497063417,3269.2110879433785,98.75636497063397
101717,43,M,College,Single,$120k+,189000,2023-10-31,35,15600,0.33076844769129843,755.0,0,0,0,0,0.0,7536.900672859596,0.0581289095341033,103.19975567968511,0,0.0,0,103.19975567968511,0.0,0.0,0.05,257.99938919921277,5.523292954465717,97.6764627252194,3366.887550668598,97.67646272521961
101717,43,M,College,Single,$120k+,189000,2023-11-30,36,15600,0.33749250064166936,755.0,0,0,0,0,0.0,6621.370347697466,0.0581289095341033,105.29766020020085,0,0.0,100,205.29766020020085,0.0,0.0,0.05,263.2441505005021,5.244761301289316,200.05289889891154,3566.94044956751,200.05289889891174
101717,43,M,College,Single,$120k+,189000,2023-12-31,37,15600,0.3393573779925725,755.0,0,0,0,0,0.0,5705.84002253534,0.0581289095341033,105.87950193368262,0,0.0,0,105.87950193368262,0.0,0.0,0.05,264.6987548342065,1.4546043337044239,104.4248975999782,3671.365347167488,104.42489759997807
101717,44,M,College,Single,Less than $40k,0,2024-01-31,38,15600,0.21260459732604625,760.0,2,1,1,0,2984.968546457689,11675.777115450717,8.4,3.316631718286321,0,61.21672994026977,0,64.53336165855609,0.1,0.25,0.65,2155.810616886109,1891.1118620519026,-1826.5785003933465,1844.7868467741414,-1826.5785003933465
101717,44,M,College,Single,Less than $40k,0,2024-02-29,39,15600,0.2137930691827876,760.0,2,1,1,0,3001.6546913263383,10793.619080025886,8.600000000000001,3.3351718792514866,0,61.55893496128432,0,64.89410684053581,0.1,0.25,0.65,2167.8617215134664,12.05110462735729,52.84300221317852,1897.62984898732,52.84300221317858
101717,44,M,College,Single,Less than $40k,0,2024-03-31,40,15600,0.6114284737102322,728.0,2,1,1,0,8584.455770891662,21043.69091399441,8.8,9.538284189879624,0,176.05288043470316,0,185.59116462458277,0.1,0.25,0.65,6199.884723421755,4032.0230019082883,-3846.4318372837056,-1948.8019882963856,-3846.4318372837056
101717,44,M,College,Single,Less than $40k,0,2024-04-30,41,15600,0.818062282345369,712.0,2,1,1,0,11485.594444128981,25930.43793530692,9.0,12.761771604587757,0,235.55039939167852,0,248.31217099626627,0.1,0.25,0.65,8295.151542982043,2095.2668195602882,-1846.954648564022,-3795.7566368604075,-1846.954648564022
101717,44,M,College,Single,Less than $40k,0,2024-05-31,42,15600,0.992047768670424,704.0,2,2,1,0,15475.945191258614,32995.609104404066,9.200000000000001,15.475945191258615,0,317.38584263072875,0,332.8617878219874,0.15,0.25,0.8500000000000001,13154.553412569823,4859.40186958778,-4526.540081765793,-8322.2967186262,-4526.540081765792
101717,44,M,College,Single,Less than $40k,0,2024-06-30,43,15600,0.9960996969942693,704.0,2,2,1,0,15539.1552731106,32206.498942945906,9.4,15.5391552731106,0,318.68217605937656,0,334.2213313324872,0.15,0.25,0.8500000000000001,13208.281982144012,53.72856957418844,280.49276175829874,-8041.8039568679005,280.4927617582989
101717,44,M,College,Single,Less than $40k,0,2024-07-31,44,15600,0.9854071604774287,704.0,2,2,1,0,15372.351703447888,30957.36147845835,9.6,15.37235170344789,0,315.2613128515438,0,330.6336645549917,0.15,0.25,0.8500000000000001,13066.498947930706,-141.78303421330565,472.41669876829735,-7569.387258099603,472.41669876829746
101717,44,M,College,Single,Less than $40k,0,2024-08-31,45,15600,0.9939733945010788,704.0,2,2,1,0,15505.984954216829,30309.09765483411,9.8,15.50598495421683,0,318.0019081027301,0,333.50789305694695,0.15,0.25,0.8500000000000001,13180.087211084307,113.58826315360056,219.9196299033464,-7349.467628196257,219.9196299033465
101717,44,M,College,Single,Less than $40k,0,2024-09-30,46,15600,0.9984960800857804,704.0,2,2,1,0,15576.538849338174,29534.67511991467,10.0,15.576538849338176,0,319.44885090184374,0,335.02538975118193,0.15,0.25,0.8500000000000001,13240.05802193745,59.97081085314312,275.0545788980388,-7074.413049298218,275.0545788980389
101717,44,M,College,Single,Less than $40k,0,2024-10-31,47,15600,0.9932810972374815,704.0,2,2,1,0,15495.185116904711,28456.437329885623,10.200000000000001,15.495185116904713,0,317.7804214391875,0,333.2756065560922,0.15,0.25,0.8500000000000001,13170.907349369007,-69.15067256844304,402.42627912453526,-6671.986770173682,402.42627912453554
101718,40,M,College,Single,$120k+,189000,2020-12-31,1,14500,0.3165888256420239,756.0,0,0,1,0,0.0,38649.623257375795,0.059759371837124445,91.81075943618693,0,0.0,0,91.81075943618693,0.0,0.0,0.05,229.5268985904673,229.5268985904673,-137.71613915428037,-137.71613915428037,-137.71613915428037
101718,41,M,College,Single,$120k+,189000,2021-01-31,2,14500,0.328011099932361,755.0,0,0,1,0,0.0,37708.41315094109,0.059759371837124445,95.12321898038468,0,0.0,0,95.12321898038468,0.0,0.0,0.05,237.8080474509617,8.281148860494397,86.84207011989028,-50.87406903439009,86.84207011989028
101718,41,M,College,Single,$120k+,189000,2021-02-28,3,14500,0.3450837150269143,755.0,0,0,1,0,0.0,36767.20304450637,0.059759371837124445,100.07427735780516,0,0.0,0,100.07427735780516,0.0,0.0,0.05,250.18569339451287,12.377645943551158,87.696631414254,36.82256237986391,87.696631414254
101718,41,M,College,Single,$120k+,189000,2021-03-31,4,14500,0.34314407609396397,755.0,0,0,1,0,0.0,35825.992938071664,0.059759371837124445,99.51178206724956,0,0.0,0,99.51178206724956,0.0,0.0,0.05,248.7794551681239,-1.4062382263889788,100.91802029363853,137.74058267350244,100.91802029363853
101718,41,M,College,Single,$120k+,189000,2021-04-30,5,14500,0.33692488817589517,755.0,0,0,1,0,0.0,34884.782831636956,0.059759371837124445,97.7082175710096,0,0.0,0,97.7082175710096,0.0,0.0,0.05,244.270543927524,-4.5089112405999,102.2171288116095,239.95771148511193,102.21712881160948
101718,41,M,College,Single,$120k+,189000,2021-05-31,6,14500,0.2886592994550574,757.0,0,0,1,0,0.0,33943.57272520225,0.059759371837124445,83.71119684196665,0,0.0,0,83.71119684196665,0.0,0.0,0.05,209.27799210491662,-34.99255182260737,118.70374866457402,358.6614601496859,118.703748664574
101718,41,M,College,Single,$120k+,189000,2021-06-30,7,14500,0.3072041783702687,756.0,0,0,1,0,0.0,33002.36261876753,0.059759371837124445,89.08921172737791,0,0.0,0,89.08921172737791,0.0,0.0,0.05,222.72302931844482,13.445037213528195,75.64417451384972,434.30563466353567,75.64417451384975
101718,41,M,College,Single,$120k+,189000,2021-07-31,8,14500,0.3327716896246838,755.0,0,0,1,0,0.0,32061.152512332825,0.059759371837124445,96.5037899911583,0,0.0,0,96.5037899911583,0.0,0.0,0.05,241.25947497789574,18.53644565945092,77.96734433170738,512.2729789952431,77.96734433170741
101718,41,M,College,Single,$120k+,189000,2021-08-31,9,14500,0.3419141143579555,755.0,0,0,1,0,0.0,31119.942405898117,0.059759371837124445,99.1550931638071,0,0.0,0,99.1550931638071,0.0,0.0,0.05,247.88773290951772,6.628257931621988,92.5268352321851,604.7998142274282,92.52683523218514
101718,41,M,College,Single,$120k+,189000,2021-09-30,10,14500,0.30583295420557377,756.0,0,0,1,0,0.0,30178.732299463405,0.059759371837124445,88.6915567196164,0,0.0,0,88.6915567196164,0.0,0.0,0.05,221.72889179904098,-26.158841110476743,114.85039783009314,719.6502120575213,114.85039783009313
101718,41,M,College,Single,$120k+,189000,2021-10-31,11,14500,0.3401649008879258,755.0,0,0,1,0,0.0,29237.522193028693,0.059759371837124445,98.64782125749848,0,0.0,0,98.64782125749848,0.0,0.0,0.05,246.6195531437462,24.890661344705222,73.75715991279326,793.4073719703146,73.75715991279321
101718,41,M,College,Single,$120k+,189000,2021-11-30,12,14500,0.33931317220326296,755.0,0,0,1,0,0.0,28296.312086593985,0.059759371837124445,98.40081993894626,0,0.0,100,198.40081993894626,0.0,0.0,0.05,246.00204984736564,-0.617503296380562,199.01832323532682,992.4256952056414,199.01832323532687
101718,41,M,College,Single,$120k+,189000,2021-12-31,13,14500,0.3158445916106596,756.0,0,0,0,0,0.0,27355.101980159274,0.059759371837124445,91.59493156709128,0,0.0,0,91.59493156709128,0.0,0.0,0.05,228.9873289177282,-17.014720929637434,108.60965249672871,1101.0353477023702,108.60965249672881
101718,42,M,College,Single,$120k+,189000,2022-01-31,14,14500,0.2933934216828871,757.0,0,0,0,0,0.0,26413.891873724562,0.059759371837124445,85.08409228803727,0,0.0,0,85.08409228803727,0.0,0.0,0.05,212.71023072009316,-16.27709819763504,101.36119048567231,1202.3965381880425,101.3611904856723
101718,42,M,College,Single,$120k+,189000,2022-02-28,15,14500,0.3482189498140733,755.0,0,0,0,0,0.0,25472.681767289854,0.059759371837124445,100.98349544608125,0,0.0,0,100.98349544608125,0.0,0.0,0.05,252.45873861520315,39.74850789510998,61.23498755097127,1263.6315257390138,61.234987550971255
101718,42,M,College,Single,$120k+,189000,2022-03-31,16,14500,0.28975697121229943,757.0,0,0,0,0,0.0,24531.471660855146,0.059759371837124445,84.02952165156682,0,0.0,0,84.02952165156682,0.0,0.0,0.05,210.0738041289171,-42.384934486286056,126.41445613785288,1390.0459818768668,126.414456137853
101718,42,M,College,Single,$120k+,189000,2022-04-30,17,14500,0.3359561455768915,755.0,0,0,0,0,0.0,23590.261554420435,0.059759371837124445,97.42728221729854,0,0.0,0,97.42728221729854,0.0,0.0,0.05,243.56820554324636,33.494401414329275,63.932880802969265,1453.978862679836,63.932880802969294
101718,42,M,College,Single,$120k+,189000,2022-05-31,18,14500,0.3074025439380155,756.0,0,0,0,0,0.0,22649.051447985723,0.059759371837124445,89.14673774202451,0,0.0,0,89.14673774202451,0.0,0.0,0.05,222.86684435506126,-20.701361188185103,109.84809893020962,1563.8269616100456,109.84809893020952
101718,42,M,College,Single,$120k+,189000,2022-06-30,19,14500,0.3108778301323233,756.0,0,0,0,0,0.0,21707.841341551015,0.059759371837124445,90.15457073837375,0,0.0,0,90.15457073837375,0.0,0.0,0.05,225.38642684593438,2.5195824908731197,87.63498824750063,1651.4619498575462,87.63498824750059
101718,42,M,College,Single,$120k+,189000,2022-07-31,20,14500,0.2943753620598521,757.0,0,0,0,0,0.0,20766.631235116303,0.059759371837124445,85.3688549973571,0,0.0,0,85.3688549973571,0.0,0.0,0.05,213.42213749339277,-11.964289352541613,97.33314434989872,1748.795094207445,97.3331443498987
101718,42,M,College,Single,$120k+,189000,2022-08-31,21,14500,0.28543274719820155,757.0,0,0,0,0,0.0,19825.421128681595,0.059759371837124445,82.77549668747845,0,0.0,0,82.77549668747845,0.0,0.0,0.05,206.93874171869612,-6.483395774696646,89.2588924621751,1838.05398666962,89.25889246217503
101718,42,M,College,Single,$120k+,189000,2022-09-30,22,14500,0.31277236688432475,756.0,0,0,0,0,0.0,18884.211022246884,0.059759371837124445,90.70398639645418,0,0.0,0,90.70398639645418,0.0,0.0,0.05,226.75996599113543,19.82122427243931,70.88276212401487,1908.9367487936347,70.88276212401479
101718,42,M,College,Single,$120k+,189000,2022-10-31,23,14500,0.29298698894800745,757.0,0,0,0,0,0.0,17943.000915812176,0.059759371837124445,84.96622679492216,0,0.0,0,84.96622679492216,0.0,0.0,0.05,212.4155669873054,-14.344399003830034,99.3106257987522,2008.247374592387,99.3106257987522
101718,42,M,College,Single,$120k+,189000,2022-11-30,24,14500,0.30802167201059083,756.0,0,0,0,0,0.0,17001.790809377464,0.059759371837124445,89.32628488307135,0,0.0,100,189.32628488307137,0.0,0.0,0.05,223.31571220767836,10.900145220372963,178.4261396626984,2186.673514255085,178.42613966269823
101718,42,M,College,Single,$120k+,189000,2022-12-31,25,14500,0.3299981893094671,755.0,0,0,0,0,0.0,16060.580702942752,0.059759371837124445,95.69947489974545,0,0.0,0,95.69947489974545,0.0,0.0,0.05,239.24868724936366,15.932975041685296,79.76649985806016,2266.4400141131455,79.76649985806034
101718,43,M,College,Single,$120k+,189000,2023-01-31,26,14500,0.3252612765256539,755.0,0,0,0,0,0.0,15119.370596508044,0.059759371837124445,94.32577019243963,0,0.0,0,94.32577019243963,0.0,0.0,0.05,235.81442548109908,-3.4342617682645766,97.76003196070421,2364.2000460738495,97.76003196070405
101718,43,M,College,Single,$120k+,189000,2023-02-28,27,14500,0.29522122923823957,757.0,0,0,0,0,0.0,14178.160490073333,0.059759371837124445,85.61415647908947,0,0.0,0,85.61415647908947,0.0,0.0,0.05,214.0353911977237,-21.77903428337538,107.39319076246485,2471.593236836314,107.39319076246466
101718,43,M,College,Single,$120k+,189000,2023-03-31,28,14500,0.30217156478510715,756.0,0,0,0,0,0.0,13236.950383638625,0.059759371837124445,87.62975378768108,0,0.0,0,87.62975378768108,0.0,0.0,0.05,219.07438446920267,5.038993271478972,82.59076051620211,2554.183997352516,82.59076051620195
101718,43,M,College,Single,$120k+,189000,2023-04-30,29,14500,0.32296941076951863,756.0,0,0,0,0,0.0,12295.740277203913,0.059759371837124445,93.6611291231604,0,0.0,0,93.6611291231604,0.0,0.0,0.05,234.152822807901,15.078438338698334,78.58269078446207,2632.7666881369782,78.5826907844621
101718,43,M,College,Single,$120k+,189000,2023-05-31,30,14500,0.34905250095647394,755.0,0,0,0,0,0.0,11354.530170769205,0.059759371837124445,101.22522527737745,0,0.0,0,101.22522527737745,0.0,0.0,0.05,253.0630631934436,18.910240385542608,82.31498489183484,2715.081673028813,82.31498489183468
101718,43,M,College,Single,$120k+,189000,2023-06-30,31,14500,0.324086164729521,756.0,0,0,0,0,0.0,10413.320064334494,0.059759371837124445,93.98498777156111,0,0.0,0,93.98498777156111,0.0,0.0,0.05,234.96246942890272,-18.10059376454089,112.085581536102,2827.167254564915,112.08558153610193
101718,43,M,College,Single,$120k+,189000,2023-07-31,32,14500,0.3045818939287159,756.0,0,0,0,0,0.0,9472.109957899786,0.059759371837124445,88.3287492393276,0,0.0,0,88.3287492393276,0.0,0.0,0.05,220.821873098319,-14.140596330583719,102.46934556991133,2929.636600134826,102.46934556991118
101718,43,M,College,Single,$120k+,189000,2023-08-31,33,14500,0.30316266865571545,756.0,0,0,0,0,0.0,8530.899851465074,0.059759371837124445,87.91717391015749,0,0.0,0,87.91717391015749,0.0,0.0,0.05,219.7929347753937,-1.0289383229253133,88.9461122330828,3018.5827123679087,88.94611223308266
101718,43,M,College,Single,$120k+,189000,2023-09-30,34,14500,0.34866584036571413,755.0,0,0,0,0,0.0,7589.689745030362,0.059759371837124445,101.1130937060571,0,0.0,0,101.1130937060571,0.0,0.0,0.05,252.78273426514275,32.98979948974906,68.12329421630804,3086.7060065842165,68.12329421630784
101718,43,M,College,Single,$120k+,189000,2023-10-31,35,14500,0.3001275186562945,756.0,0,0,0,0,0.0,6648.479638595654,0.059759371837124445,87.03698041032541,0,0.0,0,87.03698041032541,0.0,0.0,0.05,217.59245102581352,-35.19028323932923,122.22726364965465,3208.933270233871,122.22726364965456
101718,43,M,College,Single,$120k+,189000,2023-11-30,36,14500,0.30077300504881177,756.0,0,0,0,0,0.0,5707.269532160943,0.059759371837124445,87.2241714641554,0,0.0,100,187.2241714641554,0.0,0.0,0.05,218.06042866038854,0.4679776345750213,186.75619382958038,3395.6894640634514,186.7561938295803
101718,43,M,College,Single,$120k+,189000,2023-12-31,37,14500,0.2985001399346369,757.0,0,0,0,0,0.0,4766.059425726235,0.059759371837124445,86.56504058104471,0,0.0,0,86.56504058104471,0.0,0.0,0.05,216.41260145261177,-1.6478272077767713,88.21286778882148,3483.9023318522727,88.21286778882131
101718,44,M,College,Single,Less than $40k,0,2024-01-31,38,14500,0.2154918680361539,760.0,2,1,1,0,2812.1688778718085,10390.397181469853,8.4,3.124632086524232,0,57.672896737021006,0,60.797528823545235,0.1,0.25,0.65,2031.0108562407504,1814.5982547881385,-1753.8007259645933,1730.1016058876794,-1753.8007259645933
101718,44,M,College,Single,Less than $40k,0,2024-02-29,39,14500,0.21361342682149348,760.0,2,1,1,0,2787.65522002049,9400.159759332506,8.600000000000001,3.097394688911656,0,57.17016247058688,0,60.26755715949854,0.1,0.25,0.65,2013.306547792576,-17.704308448174288,77.97186560767283,1808.0734714953521,77.97186560767273
101718,44,M,College,Single,Less than $40k,0,2024-03-31,40,14500,0.6172963362151191,728.0,2,1,1,0,8055.717187607305,18995.07358807142,8.8,8.950796875119227,0,165.20933332251315,0,174.16013019763238,0.1,0.25,0.65,5818.0179688274975,3804.7114210349214,-3630.551290837289,-1822.4778193419368,-3630.551290837289
101718,44,M,College,Single,Less than $40k,0,2024-04-30,41,14500,0.8175574007689052,712.0,2,1,1,0,10669.124080034213,23280.67726649053,9.0,11.854582311149125,0,218.80595300803498,0,230.6605353191841,0.1,0.25,0.65,7705.478502246931,1887.460533419434,-1656.7999981002497,-3479.2778174421865,-1656.7999981002497
101718,44,M,College,Single,Less than $40k,0,2024-05-31,42,14500,0.988577989421728,704.0,2,2,1,0,14334.380846615057,29669.98069321751,9.200000000000001,14.334380846615058,0,293.9742605293305,0,308.3086413759455,0.15,0.25,0.8500000000000001,12184.2237196228,4478.745217375868,-4170.436575999923,-7649.714393442109,-4170.436575999923
101718,44,M,College,Single,Less than $40k,0,2024-06-30,43,14500,0.9887786386788514,704.0,2,2,1,0,14337.290260843345,28734.58941523937,9.4,14.337290260843346,0,294.03392776612895,0,308.3712180269723,0.15,0.25,0.8500000000000001,12186.696721716846,2.4730020940460236,305.8982159329263,-7343.816177509183,305.8982159329262
101718,44,M,College,Single,Less than $40k,0,2024-07-31,44,14500,0.9838208388853042,704.0,2,2,1,0,14265.402163836912,27649.603114791797,9.6,14.265402163836914,0,292.559622710022,0,306.8250248738589,0.15,0.25,0.8500000000000001,12125.591839261377,-61.104882455469124,367.92990732932805,-6975.886270179855,367.92990732932776
101718,44,M,College,Single,Less than $40k,0,2024-08-31,45,14500,0.9993822406380893,704.0,2,2,1,0,14491.042489252295,27159.673659187854,9.8,14.491042489252296,0,297.1871297170825,0,311.6781722063348,0.15,0.25,0.8500000000000001,12317.386115864452,191.79427660307556,119.88389560325925,-6856.002374576596,119.88389560325959
101718,44,M,College,Single,Less than $40k,0,2024-09-30,46,14500,0.9825196992188794,704.0,2,2,1,0,14246.535638673751,25729.44985159606,10.0,14.246535638673752,0,292.1727017231342,0,306.419237361808,0.15,0.25,0.8500000000000001,12109.55529287269,-207.83082299176203,514.25006035357,-6341.752314223026,514.25006035357
101718,44,M,College,Single,Less than $40k,0,2024-10-31,47,14500,0.9854337165004037,704.0,2,2,1,0,14288.788889255853,24872.746246325547,10.200000000000001,14.288788889255855,0,293.03924547048877,0,307.3280343597446,0.15,0.25,0.8500000000000001,12145.470555867478,35.915262994787554,271.41277136495705,-6070.339542858069,271.4127713649568
101719,40,M,College,Single,$120k+,189000,2020-12-31,1,15700,0.28355496482721443,757.0,0,0,1,0,0.0,38648.524094621825,0.05820787318326603,89.03625895574532,0,0.0,0,89.03625895574532,0.0,0.0,0.05,222.59064738936334,222.59064738936334,-133.55438843361802,-133.55438843361802,-133.55438843361802
101719,41,M,College,Single,$120k+,189000,2021-01-31,2,15700,0.301646383434427,756.0,0,0,1,0,0.0,37731.750091985385,0.05820787318326603,94.71696439841007,0,0.0,0,94.71696439841007,0.0,0.0,0.05,236.7924109960252,14.20176360666187,80.5152007917482,-53.039187641869816,80.5152007917482
101719,41,M,College,Single,$120k+,189000,2021-02-28,3,15700,0.2950183643215759,757.0,0,0,1,0,0.0,36814.976089348944,0.05820787318326603,92.63576639697483,0,0.0,0,92.63576639697483,0.0,0.0,0.05,231.5894159924371,-5.202995003588114,97.83876140056294,44.79957375869313,97.83876140056294
101719,41,M,College,Single,$120k+,189000,2021-03-31,4,15700,0.2801146972716945,757.0,0,0,1,0,0.0,35898.2020867125,0.05820787318326603,87.95601494331207,0,0.0,0,87.95601494331207,0.0,0.0,0.05,219.8900373582802,-11.699378634156886,99.65539357746896,144.4549673361621,99.65539357746897
101719,41,M,College,Single,$120k+,189000,2021-04-30,5,15700,0.32849263002283,755.0,0,0,1,0,0.0,34981.42808407606,0.05820787318326603,103.14668582716862,0,0.0,0,103.14668582716862,0.0,0.0,0.05,257.8667145679216,37.976677209641366,65.17000861752726,209.62497595368936,65.17000861752726
101719,41,M,College,Single,$120k+,189000,2021-05-31,6,15700,0.2851000962549958,757.0,0,0,1,0,0.0,34064.65408143963,0.05820787318326603,89.52143022406868,0,0.0,0,89.52143022406868,0.0,0.0,0.05,223.80357556017174,-34.06313900774984,123.58456923181852,333.20954518550786,123.5845692318185
101719,41,M,College,Single,$120k+,189000,2021-06-30,7,15700,0.33554688982268605,755.0,0,0,1,0,0.0,33147.88007880319,0.05820787318326603,105.36172340432343,0,0.0,0,105.36172340432343,0.0,0.0,0.05,263.40430851080856,39.600732950636825,65.7609904536866,398.97053563919445,65.76099045368659
101719,41,M,College,Single,$120k+,189000,2021-07-31,8,15700,0.3245891223415679,756.0,0,0,1,0,0.0,32231.106076166747,0.05820787318326603,101.92098441525232,0,0.0,0,101.92098441525232,0.0,0.0,0.05,254.8024610381308,-8.601847472677775,110.5228318879301,509.4933675271245,110.52283188793007
101719,41,M,College,Single,$120k+,189000,2021-08-31,9,15700,0.31583215728999814,756.0,0,0,1,0,0.0,31314.332073530306,0.05820787318326603,99.17129738905942,0,0.0,0,99.17129738905942,0.0,0.0,0.05,247.92824347264855,-6.87421756548224,106.04551495454166,615.5388824816662,106.04551495454166
101719,41,M,College,Single,$120k+,189000,2021-09-30,10,15700,0.34150454716508566,755.0,0,0,1,0,0.0,30397.558070893865,0.05820787318326603,107.2324278098369,0,0.0,0,107.2324278098369,0.0,0.0,0.05,268.08106952459224,20.15282605194369,87.07960175789322,702.6184842395594,87.07960175789322
101719,41,M,College,Single,$120k+,189000,2021-10-31,11,15700,0.3340061451045221,755.0,0,0,1,0,0.0,29480.784068257424,0.05820787318326603,104.87792956281994,0,0.0,0,104.87792956281994,0.0,0.0,0.05,262.19482390704985,-5.886245617542386,110.76417518036233,813.3826594199218,110.76417518036237
101719,41,M,College,Single,$120k+,189000,2021-11-30,12,15700,0.31874180712777633,756.0,0,0,1,0,0.0,28564.010065620987,0.05820787318326603,100.08492743812178,0,0.0,100,200.08492743812178,0.0,0.0,0.05,250.21231859530442,-11.982505311745427,212.0674327498672,1025.450092169789,212.0674327498673
101719,41,M,College,Single,$120k+,189000,2021-12-31,13,15700,0.28043379935840185,757.0,0,0,0,0,0.0,27647.236062984546,0.05820787318326603,88.05621299853817,0,0.0,0,88.05621299853817,0.0,0.0,0.05,220.14053249634546,-30.071786098958967,118.12799909749714,1143.5780912672863,118.1279990974972
101719,42,M,College,Single,$120k+,189000,2022-01-31,14,15700,0.2945810137911288,757.0,0,0,0,0,0.0,26730.462060348105,0.05820787318326603,92.49843833041443,0,0.0,0,92.49843833041443,0.0,0.0,0.05,231.24609582603608,11.105563329690625,81.3928750007238,1224.97096626801,81.39287500072373
101719,42,M,College,Single,$120k+,189000,2022-02-28,15,15700,0.2985953129877289,757.0,0,0,0,0,0.0,25813.688057711668,0.05820787318326603,93.75892827814687,0,0.0,0,93.75892827814687,0.0,0.0,0.05,234.3973206953672,3.1512248693311165,90.60770340881575,1315.5786696768257,90.60770340881572
101719,42,M,College,Single,$120k+,189000,2022-03-31,16,15700,0.3499332870271122,755.0,0,0,0,0,0.0,24896.914055075227,0.05820787318326603,109.87905212651323,0,0.0,0,109.87905212651323,0.0,0.0,0.05,274.69763031628304,40.30030962091584,69.57874250559739,1385.157412182423,69.57874250559735
101719,42,M,College,Single,$120k+,189000,2022-04-30,17,15700,0.2825239817542217,757.0,0,0,0,0,0.0,23980.140052438786,0.05820787318326603,88.71253027082562,0,0.0,0,88.71253027082562,0.0,0.0,0.05,221.78132567706405,-52.91630463921899,141.62883491004462,1526.7862470924676,141.6288349100446
101719,42,M,College,Single,$120k+,189000,2022-05-31,18,15700,0.32502997148549484,755.0,0,0,0,0,0.0,23063.366049802346,0.05820787318326603,102.05941104644539,0,0.0,0,102.05941104644539,0.0,0.0,0.05,255.14852761611345,33.36720193904941,68.69220910739598,1595.4784561998636,68.69220910739591
101719,42,M,College,Single,$120k+,189000,2022-06-30,19,15700,0.2816775467687115,757.0,0,0,0,0,0.0,22146.592047165905,0.05820787318326603,88.4467496853754,0,0.0,0,88.4467496853754,0.0,0.0,0.05,221.1168742134385,-34.03165340267495,122.47840308805034,1717.9568592879139,122.4784030880503
101719,42,M,College,Single,$120k+,189000,2022-07-31,20,15700,0.3136519409186215,756.0,0,0,0,0,0.0,21229.818044529467,0.05820787318326603,98.48670944844714,0,0.0,0,98.48670944844714,0.0,0.0,0.05,246.21677362111785,25.099899407679345,73.3868100407678,1791.3436693286817,73.38681004076784
101719,42,M,College,Single,$120k+,189000,2022-08-31,21,15700,0.33949699932833777,755.0,0,0,0,0,0.0,20313.044041893027,0.05820787318326603,106.60205778909805,0,0.0,0,106.60205778909805,0.0,0.0,0.05,266.50514447274514,20.288370851627292,86.31368693747076,1877.6573562661524,86.31368693747072
101719,42,M,College,Single,$120k+,189000,2022-09-30,22,15700,0.3111426414975738,756.0,0,0,0,0,0.0,19396.270039256586,0.05820787318326603,97.69878943023818,0,0.0,0,97.69878943023818,0.0,0.0,0.05,244.24697357559543,-22.25817089714971,119.95696032738789,1997.6143165935403,119.95696032738783
101719,42,M,College,Single,$120k+,189000,2022-10-31,23,15700,0.32141350052028206,756.0,0,0,0,0,0.0,18479.49603662015,0.05820787318326603,100.92383916336858,0,0.0,0,100.92383916336858,0.0,0.0,0.05,252.3095979084214,8.062624332825976,92.86121483054261,2090.475531424083,92.86121483054262
101719,42,M,College,Single,$120k+,189000,2022-11-30,24,15700,0.3053900755326755,756.0,0,0,0,0,0.0,17562.722033983708,0.05820787318326603,95.89248371726012,0,0.0,100,195.89248371726012,0.0,0.0,0.05,239.73120929315027,-12.578388615271137,208.47087233253126,2298.946403756614,208.47087233253114
101719,42,M,College,Single,$120k+,189000,2022-12-31,25,15700,0.30240275660733346,756.0,0,0,0,0,0.0,16645.948031347267,0.05820787318326603,94.9544655747027,0,0.0,0,94.9544655747027,0.0,0.0,0.05,237.38616393675676,-2.3450453563935127,97.29951093109621,2396.2459146877104,97.29951093109639
101719,43,M,College,Single,$120k+,189000,2023-01-31,26,15700,0.29123451451237775,757.0,0,0,0,0,0.0,15729.174028710826,0.05820787318326603,91.44763755688662,0,0.0,0,91.44763755688662,0.0,0.0,0.05,228.61909389221654,-8.767070044540219,100.21470760142684,2496.460622289137,100.21470760142665
101719,43,M,College,Single,$120k+,189000,2023-02-28,27,15700,0.3362691869611559,755.0,0,0,0,0,0.0,14812.400026074385,0.05820787318326603,105.58852470580294,0,0.0,0,105.58852470580294,0.0,0.0,0.05,263.97131176450733,35.352217872290794,70.23630683351215,2566.696929122649,70.23630683351212
101719,43,M,College,Single,$120k+,189000,2023-03-31,28,15700,0.34309714929513424,755.0,0,0,0,0,0.0,13895.626023437948,0.05820787318326603,107.73250487867216,0,0.0,0,107.73250487867216,0.0,0.0,0.05,269.33126219668037,5.3599504321730365,102.37255444649912,2669.0694835691484,102.37255444649918
101719,43,M,College,Single,$120k+,189000,2023-04-30,29,15700,0.28454767239112405,757.0,0,0,0,0,0.0,12978.852020801507,0.05820787318326603,89.34796913081294,0,0.0,0,89.34796913081294,0.0,0.0,0.05,223.36992282703238,-45.96133936964799,135.30930850046093,2804.3787920696095,135.30930850046116
101719,43,M,College,Single,$120k+,189000,2023-05-31,30,15700,0.28578602779005297,757.0,0,0,0,0,0.0,12062.078018165066,0.05820787318326603,89.73681272607662,0,0.0,0,89.73681272607662,0.0,0.0,0.05,224.34203181519158,0.9721089881591922,88.76470373791743,2893.143495807527,88.76470373791744
101719,43,M,College,Single,$120k+,189000,2023-06-30,31,15700,0.30495265014851775,756.0,0,0,0,0,0.0,11145.304015528629,0.05820787318326603,95.75513214663457,0,0.0,0,95.75513214663457,0.0,0.0,0.05,239.38783036658643,15.045798551394853,80.70933359523971,2973.8528294027665,80.70933359523951
101719,43,M,College,Single,$120k+,189000,2023-07-31,32,15700,0.3305068107030646,755.0,0,0,0,0,0.0,10228.530012892188,0.05820787318326603,103.77913856076228,0,0.0,0,103.77913856076228,0.0,0.0,0.05,259.4478464019057,20.06001603531925,83.71912252544303,3057.5719519282093,83.7191225254428
101719,43,M,College,Single,$120k+,189000,2023-08-31,33,15700,0.29689332718975325,757.0,0,0,0,0,0.0,9311.756010255747,0.05820787318326603,93.22450473758252,0,0.0,0,93.22450473758252,0.0,0.0,0.05,233.06126184395632,-26.386584557949362,119.61108929553188,3177.1830412237414,119.61108929553211
101719,43,M,College,Single,$120k+,189000,2023-09-30,34,15700,0.28488461575891993,757.0,0,0,0,0,0.0,8394.982007619306,0.05820787318326603,89.45376934830087,0,0.0,0,89.45376934830087,0.0,0.0,0.05,223.63442337075216,-9.426838473204157,98.88060782150502,3276.0636490452466,98.88060782150524
101719,43,M,College,Single,$120k+,189000,2023-10-31,35,15700,0.32278517174390253,756.0,0,0,0,0,0.0,7478.2080049828655,0.05820787318326603,101.3545439275854,0,0.0,0,101.3545439275854,0.0,0.0,0.05,253.38635981896348,29.751936448211325,71.60260747937407,3347.6662565246206,71.602607479374
101719,43,M,College,Single,$120k+,189000,2023-11-30,36,15700,0.3255948400520484,755.0,0,0,0,0,0.0,6561.434002346428,0.05820787318326603,102.23677977634321,0,0.0,100,202.2367797763432,0.0,0.0,0.05,255.591949440858,2.205589621894518,200.0311901544487,3547.6974466790693,200.03119015444872
101719,43,M,College,Single,$120k+,189000,2023-12-31,37,15700,0.3120251137423127,756.0,0,0,0,0,0.0,5644.659999709984,0.05820787318326603,97.97588571508619,0,0.0,0,97.97588571508619,0.0,0.0,0.05,244.93971428771545,-10.652235153142556,108.62812086822875,3656.3255675472983,108.62812086822896
101719,44,M,College,Single,Less than $40k,0,2024-01-31,38,15700,0.21977854376300848,760.0,2,1,1,0,3105.47082337131,11855.601646452604,8.4,3.4505231370792333,0,63.68803080263995,0,67.13855393971919,0.1,0.25,0.65,2242.8400391015016,1997.900324813786,-1930.7617708740668,1725.5637966732315,-1930.7617708740668
101719,44,M,College,Single,Less than $40k,0,2024-02-29,39,15700,0.21599827772058905,760.0,2,1,1,0,3052.0556641919234,10831.997325457396,8.600000000000001,3.391172960213248,0,62.592574913136026,0,65.98374787334927,0.1,0.25,0.65,2204.262424138611,-38.57761496289049,104.56136283623977,1830.1251595094714,104.56136283623982
101719,44,M,College,Single,Less than $40k,0,2024-03-31,40,15700,0.6147827185347478,728.0,2,1,1,0,8686.879812895986,21184.87162022908,8.8,9.65208868099554,0,178.1534268294752,0,187.80551551047074,0.1,0.25,0.65,6273.857642647101,4069.59521850849,-3881.789702998019,-2051.6645434885477,-3881.789702998019
101719,44,M,College,Single,Less than $40k,0,2024-04-30,41,15700,0.8193973885433213,712.0,2,1,1,0,11578.085100117132,26050.508192034933,9.0,12.864539000130147,0,237.44722859490219,0,250.31176759503234,0.1,0.25,0.65,8361.950350084595,2088.092707437494,-1837.7809398424617,-3889.445483331009,-1837.7809398424615
101719,44,M,College,Single,Less than $40k,0,2024-05-31,42,15700,0.9835281221366143,704.0,2,2,1,0,15441.391517544846,32860.34702425392,9.200000000000001,15.441391517544846,0,316.67720437231554,0,332.1185958898604,0.15,0.25,0.8500000000000001,13125.18278991312,4763.2324398285255,-4431.113843938665,-8320.559327269675,-4431.113843938666
101719,44,M,College,Single,Less than $40k,0,2024-06-30,43,15700,0.9869111287082948,704.0,2,2,1,0,15494.504720720228,32049.799427968243,9.4,15.49450472072023,0,317.76646764743737,0,333.2609723681576,0.15,0.25,0.8500000000000001,13170.329012612196,45.146222699075224,288.11474966908236,-8032.444577600592,288.1147496690828
101719,44,M,College,Single,Less than $40k,0,2024-07-31,44,15700,0.9996371152896704,704.0,2,2,1,0,15694.302710047825,31532.621403986996,9.6,15.694302710047825,0,321.8639914118975,0,337.5582941219453,0.15,0.25,0.8500000000000001,13340.157303540653,169.82829092845714,167.7300031934882,-7864.714574407104,167.7300031934883
101719,44,M,College,Single,Less than $40k,0,2024-08-31,45,15700,0.9963547165803485,704.0,2,2,1,0,15642.769050311472,30512.78008187785,9.8,15.642769050311472,0,320.8071219401378,0,336.44989099044926,0.15,0.25,0.8500000000000001,13296.353692764753,-43.80361077589987,380.25350176634913,-7484.4610726407545,380.2535017663495
101719,44,M,College,Single,Less than $40k,0,2024-09-30,46,15700,0.980765650555326,704.0,2,2,1,0,15398.020713718619,29106.50940605571,10.0,15.398020713718621,0,315.7877414705127,0,331.1857621842313,0.15,0.25,0.8500000000000001,13088.317606660828,-208.0360861039244,539.2218482881557,-6945.239224352599,539.2218482881553
101719,44,M,College,Single,Less than $40k,0,2024-10-31,47,15700,0.9919787159512893,704.0,2,2,1,0,15574.065840435242,28541.825656852514,10.200000000000001,15.574065840435242,0,319.3981336109261,0,334.97219945136135,0.15,0.25,0.8500000000000001,13237.955964369958,149.6383577091292,185.33384174223215,-6759.905382610367,185.33384174223193
