Customer ID,Customer Age,Gender,Education,Marital Status,Income Category,Income Numeric,Snapshot Month,Month on Book,Credit_Limit,Utilization,FICO,external_bank_credit_card_max_util_greater_than_50,external_bank_credit_card_max_util_greater_than_90,Credit_Inquiries,Delinquency,Revolving_Bal,Total_Debt,Debt_to_Income_Ratio,Interchange Fee,Late_Fee_Revenue,Monthly_Interest_Revenue,Annual_Fee,Total Revenue,Delinquency_Weight,ECL Ratio,ECL,ECL MoM Charge,Profit,Cumulative Profit,MoM Cumulative Profit Change
100872,21,M,High School,Single,$40k - $60k,46000,2016-03-31,1,6100,0.20779342855175784,690.0,1,0,1,0,1068.2520561734113,31407.501646464614,0.6990420220063231,25.350798283314457,0,21.908069252023044,0,47.2588675353375,0.05,0.05236138945042039,66.37015108958384,66.37015108958384,-19.11128355424634,-19.11128355424634,-19.11128355424634
100872,21,M,High School,Single,$40k - $60k,46000,2016-04-30,2,6100,0.17242057782635853,692.0,1,0,1,0,886.4026070186184,30598.08215278024,0.6133812450672222,21.03531049481574,0,18.178640132273497,0,39.21395062708923,0.05,0.051992745867678096,54.68417764023284,-11.685973449351003,50.899924076440236,31.788640522193894,50.899924076440236
100872,21,M,High School,Single,$40k - $60k,46000,2016-05-31,3,6100,0.20844245638107903,690.0,1,0,1,0,1071.5886646408605,30159.034774340347,0.7117861599215943,25.42997967849164,0,21.976497530676316,0,47.40647720916796,0.05,0.052379325810970226,66.60025954730328,11.916081907070442,35.49039530209752,67.27903582429141,35.49039530209752
100872,21,M,High School,Single,$40k - $60k,46000,2016-06-30,4,6100,0.20110878468514343,690.0,1,0,1,0,1033.8867511439544,29644.583568906644,0.6790032470461541,24.5352717315875,0,21.203294121377265,0,45.73856585296477,0.05,0.0522878735245273,64.14485925955785,-2.4554002877454337,48.1939661407102,115.47300196500161,48.1939661407102
100872,21,M,High School,Single,$40k - $60k,46000,2016-07-31,5,6100,0.19171691466005744,691.0,1,0,1,0,985.6037783110934,29033.56641780722,0.655246186676932,23.38946358852701,0,20.213090820196673,0,43.602554408723684,0.05,0.05218898150395739,61.033614130456044,-3.1112451291018033,46.71379953782549,162.1868015028271,46.713799537825494
100872,21,M,High School,Single,$40k - $60k,46000,2016-08-31,6,6100,0.21632601022171782,690.0,1,0,1,0,1112.1174853014163,28675.57668068844,0.7208360418613383,26.391773247049574,0,22.80767609438988,0,49.199449341439454,0.05,0.05245144412363508,69.2143309895634,8.18071685910735,41.018732482332105,203.2055339851592,41.0187324823321
100872,21,M,High School,Single,$40k - $60k,46000,2016-09-30,7,6100,0.229694715391361,689.0,1,0,1,1,1180.8451004400742,28455.042173846974,0.7694818262696044,28.022755277746043,30,0.0,0,58.02275527774604,0.15,0.1526070395494005,213.82348614770808,144.6091551581447,-86.58639988039864,116.61913410476056,-86.58639988039864
100872,21,M,High School,Single,$40k - $60k,46000,2016-10-31,8,6100,0.2279220983116056,689.0,1,0,1,0,1171.7321951212944,28216.28185636795,0.7508352502089795,27.806495994015883,0,24.030274434945877,0,51.836770428961756,0.05,0.052574212036701824,73.09523081935454,-140.72825532835355,192.5650257573153,309.1841598620759,192.5650257573153
100872,21,M,High School,Single,$40k - $60k,46000,2016-11-30,9,6100,0.22328250041403097,690.0,1,0,1,0,1147.8803340280672,27929.81781670247,0.7399661913295806,27.24046505051178,0,23.54111251702561,0,50.78157756753739,0.05,0.05252622619464183,71.54194144452086,-1.5532893748336818,52.33486694237107,361.519026804447,52.33486694237109
100872,21,M,High School,Single,$40k - $60k,46000,2016-12-31,10,6100,0.21355725717106466,690.0,1,0,1,0,1097.8835118788163,27543.36013273849,0.7126989490074243,26.05398537486989,0,22.51576102278139,0,48.56974639765128,0.05,0.052421157006375944,68.28900289889386,-3.2529385456270035,51.82268494327828,413.34171174772524,51.82268494327826
100872,22,M,High School,Single,$40k - $60k,46000,2017-01-31,11,6100,0.2250281311596489,689.0,1,0,1,0,1156.8545044160467,27274.84443384897,0.75555458971315,27.453432001477168,0,23.725157794732425,0,51.17858979620959,0.05,0.052555779638990344,72.14182613018198,3.852823231288127,47.325766564921466,460.6674783126467,47.32576656492148
100872,22,M,High School,Single,$40k - $60k,46000,2017-02-28,12,6100,0.20836374155979986,690.0,1,0,1,0,1071.183997032896,26834.987720193152,0.7044387718305161,25.420376470295583,0,21.968198472482978,100,147.38857494277858,0.05,0.052371348704308915,66.56497001603297,-5.57685611414901,152.96543105692757,613.6329093695742,152.9654310569275
100872,22,M,High School,Single,$40k - $60k,46000,2017-03-31,13,6100,0.2197421352999887,690.0,2,1,3,0,1129.6795548261484,27641.801676949985,1.029650854137509,26.808540506598625,0,23.16784487022626,0,49.97638537682489,0.05,0.05278758793653742,70.75790947211502,4.192939456082044,45.78344592074284,659.416355290317,45.78344592074279
100872,22,M,High School,Single,$40k - $60k,46000,2017-04-30,14,6100,0.3176606269780857,685.0,2,1,3,0,1633.071942167559,29958.79279573105,1.4154075089232918,38.75459649132646,0,33.491583747286356,0,72.24618023861282,0.05,0.05395669252474798,104.55349234015894,33.79558286804392,38.4505973705689,697.8669526608859,38.45059737056886
100872,22,M,High School,Single,$40k - $60k,46000,2017-05-31,15,6100,0.4190545403540894,680.0,2,1,3,0,2154.3312389715743,33839.56180492416,1.8312836237010892,51.124653923198906,0,44.18174315924204,0,95.30639708244095,0.05,0.05518371994653381,141.06242922306348,36.508936882904536,58.79746019953642,756.6644128604223,58.79746019953643
100872,22,M,High School,Single,$40k - $60k,46000,2017-06-30,16,6100,0.6174511585701169,670.0,3,2,3,1,3174.274924507003,40780.16187072356,2.640196219992841,75.32904134555426,30,0.0,0,105.32904134555426,0.15,0.15757980548855377,593.5167841435832,452.45435492051973,-347.1253135749655,409.5390992854568,-347.1253135749655
100872,22,M,High School,Single,$40k - $60k,46000,2017-07-31,17,6100,0.9,660.0,3,2,3,2,4626.839536056815,52078.4557711724,3.7599195290435565,27.879529545892552,30,0.0,0,57.87952954589255,0.4,0.4109599195290436,2256.1699582144493,1662.653174070866,-1604.7736445249734,-1195.2345452395166,-1604.7736445249734
100872,22,M,High School,Single,$40k - $60k,46000,2017-08-31,18,6100,0.9062063244710452,655.0,3,3,4,3,4658.74583320818,63472.46856307532,3.7944474173310594,0.037359756683971374,30,0.0,0,30.037359756683973,0.65,0.6610440980130995,3654.1582884797426,1397.9883302652934,-1367.9509705086093,-2563.185515748126,-1367.9509705086093
100872,22,M,High School,Single,$40k - $60k,46000,2017-09-30,19,6100,0.9151193598356606,655.0,3,3,4,4,4658.74583320818,74866.48135497826,3.7947171162023023,0.0,0,0.0,0,0.0,0.72,0.7311156719948876,4081.25444490286,427.09615642311746,-427.09615642311746,-2990.2816721712434,-427.09615642311746
100872,22,M,High School,Single,$40k - $60k,46000,2017-10-31,20,6100,0.9253424307371103,655.0,3,3,4,5,4658.74583320818,86260.49414688117,3.7888239047343193,0.0,0,0.0,0,0.0,0.8,0.8111915633506313,4578.842835448289,497.5883905454293,-497.5883905454293,-3487.8700627166727,-497.5883905454293
100872,22,M,High School,Single,$40k - $60k,46000,2017-11-30,21,6100,0.9377661602964543,655.0,3,3,4,6,4658.74583320818,97654.50693878409,3.7769963665105966,0.0,0,0.0,0,0.0,0.84,0.8512791256488822,4869.6346177016785,290.7917822533891,-290.7917822533891,-3778.661844970062,-290.7917822533891
100872,22,M,High School,Single,$40k - $60k,46000,2017-12-31,22,6100,0.9489561297994652,655.0,3,3,4,7,4658.74583320818,109048.51973068701,3.7896220968804717,0.0,0,0.0,0,0.0,0.86,0.8713812711352762,5044.105851681248,174.47123397956966,-174.47123397956966,-3953.1330789496315,-174.47123397956966
100873,21,M,High School,Single,$40k - $60k,46000,2016-03-31,1,5900,0.19899110046778498,691.0,1,0,1,0,1000.3917823820475,32551.22420880753,0.6604966532949407,23.480949855198627,0,20.51636813701849,0,43.99731799221712,0.05,0.052252425457037226,61.346829098459764,61.346829098459764,-17.349511106242645,-17.349511106242645,-17.349511106242645
100873,21,M,High School,Single,$40k - $60k,46000,2016-04-30,2,5900,0.1742929704266769,692.0,1,0,1,0,876.2263987279795,31896.187636154704,0.6115194689669637,20.566570510347873,0,17.969943060579645,0,38.53651357092752,0.05,0.05200586323238038,53.47911265601296,-7.867716442446806,46.404230013374324,29.05471890713168,46.404230013374324
100873,21,M,High School,Single,$40k - $60k,46000,2016-05-31,3,5900,0.21515866138428438,690.0,1,0,1,1,1081.6712719873906,31652.0408100207,0.7134648009302721,25.388722043345556,30,0.0,0,55.38872204334555,0.15,0.15243473409200453,193.5061546806597,140.02704202464673,-84.63831998130118,-55.5836010741695,-84.63831998130118
100873,21,M,High School,Single,$40k - $60k,46000,2016-06-30,4,5900,0.21501934251007135,690.0,1,0,1,0,1080.970871534477,31406.493182980867,0.6992888853362175,25.37228241618842,0,22.1689109570529,0,47.54119337324132,0.05,0.05241944362541679,66.50004638817713,-127.00610829248258,174.5473016657239,118.96370059155439,174.5473016657239
100873,21,M,High School,Single,$40k - $60k,46000,2016-07-31,5,5900,0.20291329868560354,690.0,1,0,1,0,1020.1099248354302,31039.22366254294,0.6710746727541549,23.94376924490122,0,20.920754375166613,0,44.86452362006783,0.05,0.052294381062238986,62.606229647959125,-3.893816740218,48.75834036028583,167.7220409518402,48.758340360285814
100873,21,M,High School,Single,$40k - $60k,46000,2016-08-31,6,5900,0.20190614098702672,690.0,1,0,1,0,1015.0466215879458,30661.827535610046,0.6845759014647214,23.824924636469156,0,20.816914464399453,0,44.64183910086861,0.05,0.05229982502936094,62.30196949125238,-0.30426015670674644,44.946099257575355,212.66814020941555,44.946099257575355
100873,21,M,High School,Single,$40k - $60k,46000,2016-09-30,7,5900,0.20627183346219402,690.0,1,0,1,0,1036.9943512416723,30328.326867984604,0.6806500747750807,24.340076348538897,0,21.267025820047962,0,45.60710216858686,0.05,0.05233082474247264,63.68681348068961,1.384843989437229,44.222258179149634,256.8903983885652,44.222258179149634
100873,21,M,High School,Single,$40k - $60k,46000,2016-10-31,8,5900,0.2033991531158405,690.0,1,0,1,0,1022.5524701467551,29965.942438169328,0.6798268702240267,24.00110006766918,0,20.970846908593035,0,44.97194697626222,0.05,0.05230702009515075,62.77130117726479,-0.9155123034248192,45.887459279687036,302.77785766825224,45.88745927968705
100873,21,M,High School,Single,$40k - $60k,46000,2016-11-30,9,5900,0.20093356760950534,690.0,1,0,1,0,1010.1571847621342,29578.76743758481,0.6733701894305585,23.710160977921632,0,20.716640264163434,0,44.42680124208506,0.05,0.0522808387303066,61.979355117816475,-0.7919460594483141,45.21874730153338,347.9966049697856,45.21874730153337
100873,21,M,High School,Single,$40k - $60k,46000,2016-12-31,10,5900,0.20390845070316901,690.0,1,0,1,0,1025.1128716921144,29221.503810860253,0.6659346865344629,24.06119718297394,0,21.023356476952447,0,45.084553659926385,0.05,0.05229720229215982,62.916664823476715,0.9373097056602404,44.147243954266145,392.1438489240518,44.14724395426617
100873,22,M,High School,Single,$40k - $60k,46000,2017-01-31,11,5900,0.20469810431359198,690.0,1,0,1,0,1029.0827124585526,28872.17986566857,0.6689314552383833,24.154376309003855,0,21.104771294670815,0,45.25914760367467,0.05,0.05230651628974712,63.1715638937796,0.2548990703028835,45.004248533371786,437.14809745742355,45.004248533371765
100873,22,M,High School,Single,$40k - $60k,46000,2017-02-28,12,5900,0.18515397065905342,691.0,1,0,1,0,930.8281138568326,28326.34672327345,0.6411419129583211,21.848168537768306,0,19.089733235013874,100,140.9379017727822,0.05,0.05212237367823075,56.93892023552619,-6.232643658253409,147.1705454310356,584.3186428884592,147.17054543103563
100873,22,M,High School,Single,$40k - $60k,46000,2017-03-31,13,5900,0.21831251869260457,690.0,2,1,3,0,1097.5267194251512,29211.43751144012,0.989607770188177,25.76087720572734,0,22.50844380421081,0,48.26932100993815,0.05,0.05273610791972902,67.92642002140622,10.987499785880026,37.28182122405813,621.6004641125173,37.28182122405815
100873,22,M,High School,Single,$40k - $60k,46000,2017-04-30,14,5900,0.31849720471192433,685.0,2,1,3,0,1601.1871161898725,31607.50948990095,1.393332488310865,37.58267015600707,0,32.83767910786064,0,70.4203492638677,0.05,0.05394131012600626,101.36292331242889,33.436503291022674,36.98384597284503,658.5843100853624,36.983845972845074
100873,22,M,High School,Single,$40k - $60k,46000,2017-05-31,15,5900,0.4154170754119018,680.0,2,1,3,0,2088.4342441763056,35465.32285232108,1.7708598710206298,49.01921489860442,0,42.830305624315734,0,91.84952052292016,0.05,0.05509419647431585,135.0337128320211,33.67078951959222,58.17873100332794,716.7630410886903,58.178731003327925
100873,22,M,High School,Single,$40k - $60k,46000,2017-06-30,16,5900,0.6141311274682951,670.0,3,2,3,1,3087.433215757133,42320.13312948369,2.5663118703747303,72.46747304125883,30,0.0,0,102.46747304125883,0.15,0.15747936089012107,570.6065669929759,435.57285416095476,-333.10538111969595,383.6576599689944,-333.10538111969595
100873,22,M,High School,Single,$40k - $60k,46000,2017-07-31,17,5900,0.9,660.0,3,2,3,2,4524.587290724603,53486.40563154872,3.688439794944468,27.57751267686797,30,0.0,0,57.57751267686797,0.4,0.4108884397949445,2181.8176153111554,1611.2110483181796,-1553.6335356413115,-1169.9758756723172,-1553.6335356413115
100873,22,M,High School,Single,$40k - $60k,46000,2017-08-31,18,5900,0.9065473799714391,655.0,3,3,4,3,4557.503059842735,64751.42544096814,3.708532918596423,0.057143465131887936,30,0.0,0,30.057143465131887,0.65,0.6609609119583679,3535.2350596964097,1353.4174443852544,-1323.3603009201224,-2493.3361765924396,-1323.3603009201224
100873,22,M,High School,Single,$40k - $60k,46000,2017-09-30,19,5900,0.9179438490690305,655.0,3,3,4,4,4557.503059842735,76016.44525038755,3.7112855921840975,0.0,0,0.0,0,0.0,0.72,0.7310548363847363,3959.2970133100575,424.0619536136478,-424.0619536136478,-2917.3981302060874,-424.0619536136478
100873,22,M,High School,Single,$40k - $60k,46000,2017-10-31,20,5900,0.9260461307894557,655.0,3,3,4,5,4557.503059842735,87281.46505980697,3.7111675024295208,0.0,0,0.0,0,0.0,0.8,0.8111195365487452,4431.691239729342,472.3942264192842,-472.3942264192842,-3389.7923566253717,-472.3942264192842
100873,22,M,High School,Single,$40k - $60k,46000,2017-11-30,21,5900,0.9361734120212797,655.0,3,3,4,6,4557.503059842735,98546.48486922639,3.72044057009303,0.0,0,0.0,0,0.0,0.84,0.8512098278662632,4701.592052507674,269.9008127783327,-269.9008127783327,-3659.6931694037044,-269.9008127783327
100873,22,M,High School,Single,$40k - $60k,46000,2017-12-31,22,5900,0.9482686567432677,655.0,3,3,4,7,4557.503059842735,109811.50467864581,3.6986592166541334,0.0,0,0.0,0,0.0,0.86,0.8712848084706003,4874.651242318465,173.05918981079049,-173.05918981079049,-3832.752359214495,-173.05918981079049
100874,21,M,High School,Single,$40k - $60k,46000,2016-03-31,1,5400,0.21278299339986362,690.0,1,0,1,0,982.2764574875634,31391.179188198803,0.6647754958197792,22.98056328718527,0,20.14485301564078,0,43.12541630282605,0.05,0.05236703944301869,60.17120320414091,60.17120320414091,-17.045786901314855,-17.045786901314855,-17.045786901314855
100874,21,M,High School,Single,$40k - $60k,46000,2016-04-30,2,5400,0.21134103497165918,690.0,1,0,1,0,975.6199019326782,30755.853322959858,0.6496357807525944,22.82483177693919,0,20.008338155469342,0,42.83316993240854,0.05,0.05234036406052587,59.73300024126284,-0.4382029628780657,43.2713728952866,26.225585993971748,43.2713728952866
100874,21,M,High School,Single,$40k - $60k,46000,2016-05-31,3,5400,0.214488826060164,690.0,1,0,1,0,990.1511435038358,30149.58994086323,0.6707582910827923,23.164793214497713,0,20.30634970135783,0,43.471142915855545,0.05,0.05238666889956411,60.676317612738046,0.943317371475203,42.52782554438034,68.75341153835208,42.527825544380335
100874,21,M,High School,Single,$40k - $60k,46000,2016-06-30,4,5400,0.2054460771237202,690.0,1,0,1,0,948.4068327893633,29459.837937337656,0.6276326082834085,22.18817632936178,0,19.45024346245519,0,41.63841979181697,0.05,0.05227120122527317,57.990131486695645,-2.6861861260424007,44.32460591785937,113.07801745621146,44.32460591785937
100874,21,M,High School,Single,$40k - $60k,46000,2016-07-31,5,5400,0.22983175331029823,689.0,1,0,1,1,1060.9791546430047,28995.230577519364,0.6864099164840259,24.82182935751221,30,0.0,0,54.821829357512215,0.15,0.15252506394296642,189.29755549679754,131.3074240101019,-76.48559465258968,36.59242280362177,-76.48559465258968
100874,21,M,High School,Single,$40k - $60k,46000,2016-08-31,6,5400,0.19495869921531978,691.0,1,0,1,0,899.9936384094993,28208.652185234063,0.6007734923439908,21.055539515254537,0,18.45736953438148,0,39.51290904963602,0.05,0.05216044308606655,54.91331352659297,-134.38424197020458,173.8971510198406,210.48957382346236,173.89715101984058
100874,21,M,High School,Single,$40k - $60k,46000,2016-09-30,7,5400,0.17833560965639392,691.0,1,0,1,0,823.2559759509419,27268.598468031647,0.5628849488599938,19.260245842890544,0,16.883607973460567,0,36.14385381635111,0.05,0.05198956982611115,50.066594805851246,-4.846718720741727,40.99057253709284,251.4801463605552,40.990572537092845
100874,21,M,High School,Single,$40k - $60k,46000,2016-10-31,8,5400,0.1794911099746745,691.0,1,0,1,0,828.590146417909,26339.213091763166,0.5856421024383893,19.385039877264845,0,16.99300291945395,0,36.378042796718795,0.05,0.05202157098223579,50.42201139843022,0.35541659257897606,36.02262620413982,287.502772564695,36.02262620413981
100874,21,M,High School,Single,$40k - $60k,46000,2016-11-30,9,5400,0.17873097691491133,691.0,1,0,1,0,825.0811215788787,25402.80966581662,0.5729689126379087,19.302945506810424,0,16.92103866838017,0,36.223984175190594,0.05,0.0520028167279572,50.19037687502037,-0.23163452340985202,36.455618698600446,323.9583912632955,36.45561869860046
100874,21,M,High School,Single,$40k - $60k,46000,2016-12-31,10,5400,0.18581763140623547,691.0,1,0,1,0,857.7954553606904,24531.834907433702,0.5880207716810218,20.06830419187343,0,17.591955130355494,0,37.660259322228924,0.05,0.05207456182293091,52.252407366054825,2.062030491034456,35.59822883119447,359.55662009449,35.59822883119449
100874,22,M,High School,Single,$40k - $60k,46000,2017-01-31,11,5400,0.19161674681790056,691.0,1,0,1,0,884.5660842164812,23714.401406762365,0.6027261985496665,20.694608656333262,0,18.140976110473,0,38.835584766806264,0.05,0.052135660173092874,53.946354216086846,1.6939468500320203,37.14163791677424,396.6982580112642,37.14163791677424
100874,22,M,High School,Single,$40k - $60k,46000,2017-02-28,12,5400,0.2226659270572572,690.0,1,0,1,0,1027.8993379041683,23183.6344134664,0.6857356446557655,24.04792012218378,0,21.080502254851318,100,145.1284223770351,0.05,0.052467063061113824,63.08618707696221,9.139832860875366,135.98858951615972,532.6868475274239,135.98858951615966
100874,22,M,High School,Single,$40k - $60k,46000,2017-03-31,13,5400,0.21912249262177955,690.0,2,1,3,0,1011.5416761897304,23631.693772931292,0.935592061173349,23.66522920315219,0,20.74503387585772,0,44.41026307900991,0.05,0.05268857200214759,62.34435664088051,-0.741830436081699,45.15209351509161,577.8389410425154,45.152093515091565
100874,22,M,High School,Single,$40k - $60k,46000,2017-04-30,14,5400,0.31035483433878164,685.0,2,1,3,0,1432.7002471741403,25343.22884534941,1.261376850081706,33.51832210858842,0,29.382294235796326,0,62.900616344384744,0.05,0.053744215524791965,90.07079637166876,27.72643973078825,35.174176613596494,613.013117656112,35.1741766135965
100874,22,M,High School,Single,$40k - $60k,46000,2017-05-31,15,5400,0.4118158669144122,680.0,2,1,3,0,1901.0778278209802,28459.89665970805,1.6296885054687957,44.476113626756515,0,38.98793778556194,0,83.46405141231845,0.05,0.054924215440784095,122.14078234023842,32.069985968569654,51.3940654437488,664.4071830998607,51.39406544374879
100874,22,M,High School,Single,$40k - $60k,46000,2017-06-30,16,5400,0.6142228269933706,670.0,3,2,3,1,2835.4550942576943,34379.69627337683,2.364925568000583,66.33606531528402,30,0.0,0,96.33606531528402,0.15,0.15727870818394754,521.662532939692,399.52175059945364,-303.1856852841696,361.2214978156911,-303.1856852841696
100874,22,M,High School,Single,$40k - $60k,46000,2017-07-31,17,5400,0.9,660.0,3,2,3,2,4154.696752843847,44257.22086280407,3.38255338890903,25.266656164875076,30,0.0,0,55.26665616487507,0.4,0.41058255338890903,1995.431209470098,1473.768676530406,-1418.502020365531,-1057.28052254984,-1418.5020203655313
100874,22,M,High School,Single,$40k - $60k,46000,2017-08-31,18,5400,0.9052531751964269,655.0,3,3,4,3,4178.947141655753,54207.49661866703,3.4239090393870044,0.0,30,0.0,0,30.0,0.65,0.6606659344409584,3229.577648442677,1234.1464389725788,-1204.1464389725788,-2261.426961522419,-1204.1464389725788
100874,22,M,High School,Single,$40k - $60k,46000,2017-09-30,19,5400,0.9150572965833964,655.0,3,3,4,4,4178.947141655753,64157.77237452999,3.416434989951074,0.0,0,0.0,0,0.0,0.72,0.7307368933626183,3610.7970812323942,381.2194327897173,-381.2194327897173,-2642.646394312136,-381.2194327897173
100874,22,M,High School,Single,$40k - $60k,46000,2017-10-31,20,5400,0.9272071815018469,655.0,3,3,4,5,4178.947141655753,74108.04813039294,3.4227114762393267,0.0,0,0.0,0,0.0,0.8,0.8108403689282542,4059.8118708581746,449.0147896257804,-449.0147896257804,-3091.6611839379166,-449.0147896257804
100874,22,M,High School,Single,$40k - $60k,46000,2017-11-30,21,5400,0.9370632501762566,655.0,3,3,4,6,4178.947141655753,84058.32388625591,3.408372414209595,0.0,0,0.0,0,0.0,0.84,0.8509048784156196,4305.699131178453,245.88726032027853,-245.88726032027853,-3337.548444258195,-245.88726032027853
100874,22,M,High School,Single,$40k - $60k,46000,2017-12-31,22,5400,0.9468685965474789,655.0,3,3,4,7,4178.947141655753,94008.59964211888,3.4072474673756226,0.0,0,0.0,0,0.0,0.86,0.8709821962397555,4453.410724765442,147.71159358698878,-147.71159358698878,-3485.260037845184,-147.71159358698878
100875,21,M,High School,Single,$40k - $60k,46000,2016-03-31,1,5500,0.21913054638063614,690.0,1,0,1,0,1032.2996499607443,32979.37559860339,0.6830516429411227,24.104360101869975,0,21.170745321278265,0,45.27510542314824,0.05,0.052436096013986216,63.196927032867634,63.196927032867634,-17.921821609719395,-17.921821609719395,-17.921821609719395
100875,21,M,High School,Single,$40k - $60k,46000,2016-04-30,2,5500,0.1823819111787197,691.0,1,0,1,0,859.1809137459485,32270.840124149443,0.6005835723943062,20.06201022965917,0,17.620368572739828,0,37.682378802399,0.05,0.05205963886182407,52.22105036991382,-10.975876662953816,48.658255465352816,30.736433855633422,48.658255465352816
100875,21,M,High School,Single,$40k - $60k,46000,2016-05-31,3,5500,0.17680401123426662,691.0,1,0,1,0,832.9040470321082,31509.75091626782,0.5686379001576218,19.44844123576933,0,17.08147383121682,0,36.52991506698615,0.05,0.05198306999003176,50.549484097800836,-1.6715662721129831,38.20148133909913,68.93791519473255,38.20148133909913
100875,21,M,High School,Single,$40k - $60k,46000,2016-06-30,4,5500,0.20609414227387982,690.0,1,0,1,0,970.8865990720044,31024.62681246599,0.6466523020560766,22.67035565012678,0,19.911266002635024,0,42.581621652761804,0.05,0.05229540544024712,59.277772009898854,8.728287912098018,33.853333740663786,102.79124893539634,33.853333740663786
100875,21,M,High School,Single,$40k - $60k,46000,2016-07-31,5,5500,0.2132005544285306,690.0,1,0,1,0,1004.3641169301492,30606.457744380452,0.6800289481212225,23.452060987138367,0,20.597834098042476,0,44.04989508518084,0.05,0.05238563338354947,61.42755344804369,2.149781438144835,41.90011364703601,144.69136258243236,41.90011364703602
100875,21,M,High School,Single,$40k - $60k,46000,2016-08-31,6,5500,0.1885695192472705,691.0,1,0,1,0,888.3300476698153,29956.220537774243,0.6188036510584658,20.742647117199756,0,18.218168727628463,0,38.96081584482822,0.05,0.05212735980503663,54.06297147935887,-7.364581968684817,46.325397813513035,191.0167603959454,46.325397813513035
100875,21,M,High School,Single,$40k - $60k,46000,2016-09-30,7,5500,0.21040683518963582,690.0,1,0,1,0,991.2032160880086,29511.72966800442,0.6545708899338009,23.144751870859942,0,20.32792595660491,0,43.47267782746485,0.05,0.05233782557145089,60.567299315578964,6.504327836220092,36.96834999124476,227.98511038719016,36.968349991244764
100875,21,M,High School,Single,$40k - $60k,46000,2016-10-31,8,5500,0.17435615113507105,692.0,1,0,1,0,821.3724501585115,28727.577266375603,0.5718542710449537,19.179176624857817,0,16.844979998667473,0,36.024156623525286,0.05,0.051966703480125526,49.83392923284704,-10.733370082731923,46.75752670625721,274.74263709344734,46.75752670625718
100875,21,M,High School,Single,$40k - $60k,46000,2016-11-30,9,5500,0.18371463023867282,691.0,1,0,1,0,865.4592051197849,28031.598374669335,0.5841229692805076,20.208609326254013,0,17.749125864998256,0,37.95773519125227,0.05,0.05205384001118989,52.59678583587331,2.762856603026272,35.194878588226,309.93751568167335,35.194878588226004
100875,21,M,High School,Single,$40k - $60k,46000,2016-12-31,10,5500,0.21019531489006685,690.0,1,0,1,0,990.2067674649792,27585.114607653453,0.6478927500886036,23.12148463790735,0,20.307490456094282,0,43.42897509400163,0.05,0.05232945526920914,60.496734805853954,7.899948969980642,35.52902612402099,345.4665418056943,35.52902612402096
100875,22,M,High School,Single,$40k - $60k,46000,2017-01-31,11,5500,0.22714899942857372,689.0,1,0,1,1,1070.0736911034815,27298.364687914578,0.7113596121095229,24.98638993714311,30,0.0,0,54.98638993714311,0.15,0.15252855160753812,190.5568933506802,130.06015854482627,-75.07376860768315,270.3927731980111,-75.07376860768318
100875,22,M,High School,Single,$40k - $60k,46000,2017-02-28,12,5500,0.18064478845685988,691.0,1,0,1,0,850.9975216660517,26573.462429300842,0.5777551724963294,19.870926730254588,0,17.452540840167945,100,137.32346757042254,0.05,0.052022913480151214,51.68717510292293,-138.86971824775728,276.1931858181798,546.5859590161909,276.1931858181798
100875,22,M,High School,Single,$40k - $60k,46000,2017-03-31,13,5500,0.21331973708998198,690.0,2,1,3,0,1004.9255732023568,27161.341846962074,0.9305326765490776,23.46517107989802,0,20.609348630425,0,44.07451971032302,0.05,0.05263709057326894,61.75691677249214,10.069741669569211,34.004778040753806,580.5907370569447,34.00477804075376
100875,22,M,High School,Single,$40k - $60k,46000,2017-04-30,14,5500,0.3123441331870232,685.0,2,1,3,0,1471.4184977031045,29148.70003812555,1.282915273830221,34.357854650572555,0,30.176341023727836,0,64.53419567430039,0.05,0.05378166833932641,92.39113718339384,30.634220410901698,33.899975263398694,614.4907123203434,33.89997526339869
100875,22,M,High School,Single,$40k - $60k,46000,2017-05-31,15,5500,0.41511539464539526,680.0,2,1,3,0,1955.5624884966971,32588.490201669803,1.6853336152369782,45.66269341099348,0,40.1053273682531,0,85.76802077924657,0.05,0.05500625677240015,125.58669193422458,33.19555475083074,52.57246602841583,667.0631783487593,52.572466028415874
100875,22,M,High School,Single,$40k - $60k,46000,2017-06-30,16,5500,0.6106208008541107,670.0,3,2,3,1,2876.5667287915335,38791.293086098565,2.402972920413003,67.16828809395219,30,0.0,0,97.16828809395219,0.15,0.15728793932724588,528.2380811218261,402.6513891876015,-305.48310109364934,361.5800772551099,-305.48310109364934
100875,22,M,High School,Single,$40k - $60k,46000,2017-07-31,17,5500,0.9,660.0,3,2,3,2,4239.79997453595,49083.795707760575,3.4724032950287955,26.128806638738865,30,0.0,0,56.128806638738865,0.4,0.4106724032950288,2032.8283963103927,1504.5903151885666,-1448.4615085498276,-1086.8814312947177,-1448.4615085498276
100875,22,M,High School,Single,$40k - $60k,46000,2017-08-31,18,5500,0.9056878541098081,655.0,3,3,4,3,4266.594823102537,59456.682875122344,3.4701497642774592,0.0,30,0.0,0,30.0,0.65,0.6607156525971559,3291.211778676138,1258.383382365745,-1228.383382365745,-2315.264813660463,-1228.3833823657453
100875,22,M,High School,Single,$40k - $60k,46000,2017-09-30,19,5500,0.9189078404169543,655.0,3,3,4,4,4266.594823102537,69829.57004248412,3.4708632732356506,0.0,0,0.0,0,0.0,0.72,0.7308221259965713,3693.569998406401,402.35821973026304,-402.35821973026304,-2717.623033390726,-402.35821973026304
100875,22,M,High School,Single,$40k - $60k,46000,2017-10-31,20,5500,0.9263899735595198,655.0,3,3,4,5,4266.594823102537,80202.45720984589,3.4921829758281437,0.0,0,0.0,0,0.0,0.8,0.8109033027643043,4131.669790639332,438.0997922329311,-438.0997922329311,-3155.722825623657,-438.0997922329311
100875,22,M,High School,Single,$40k - $60k,46000,2017-11-30,21,5500,0.9372876038044408,655.0,3,3,4,6,4266.594823102537,90575.34437720766,3.488723780203704,0.0,0,0.0,0,0.0,0.84,0.8509870246106392,4386.907740412872,255.2379497735401,-255.2379497735401,-3410.9607753971973,-255.2379497735401
100875,22,M,High School,Single,$40k - $60k,46000,2017-12-31,22,5500,0.9471059727325322,655.0,3,3,4,7,4266.594823102537,100948.23154456943,3.4761714344172447,0.0,0,0.0,0,0.0,0.86,0.8710530192162775,4537.387343865429,150.47960345255706,-150.47960345255706,-3561.4403788497543,-150.47960345255706
100876,21,M,High School,Single,$40k - $60k,46000,2016-03-31,1,6000,0.17700449993692924,691.0,1,0,1,0,909.5348915515914,32681.822347895642,0.6178390829501518,21.240539992431508,0,18.65304473423722,0,39.89358472666873,0.05,0.052033875082445585,55.26138023249354,55.26138023249354,-15.367795505824816,-15.367795505824816,-15.367795505824816
100876,21,M,High School,Single,$40k - $60k,46000,2016-04-30,2,6000,0.17391354083388774,692.0,1,0,1,0,893.6520458975148,31977.63120972028,0.609321368503835,20.86962490006653,0,18.327314041281532,0,39.196938941348066,0.05,0.05200062969517494,54.261681815278095,-0.9996984172154484,40.196637358563514,24.828841852738698,40.196637358563514
100876,21,M,High School,Single,$40k - $60k,46000,2016-05-31,3,6000,0.20561527729559897,690.0,1,0,1,0,1056.5509295133202,31599.237838776524,0.6834198475487101,24.673833275471875,0,21.66809864610234,0,46.341931921574215,0.05,0.052328342065913504,64.55703938581057,10.295357570532474,36.04657435104174,60.87541620378044,36.04657435104174
100876,21,M,High School,Single,$40k - $60k,46000,2016-06-30,4,6000,0.20329445988947886,690.0,1,0,1,0,1044.6254450847398,31196.993498975608,0.6875850939671738,24.395335186737462,0,21.42352683627954,0,45.818862023017005,0.05,0.05231394077308301,63.810806004924586,-0.7462333808859825,46.56509540390299,107.44051160768342,46.56509540390298
100876,21,M,High School,Single,$40k - $60k,46000,2016-07-31,5,6000,0.21313967204440537,690.0,1,0,1,0,1095.2149158203663,30895.928100645946,0.710900916140688,25.576760645328648,0,22.46103256528268,0,48.037793210611326,0.05,0.05241601829249593,67.03159769241681,3.2207916874922233,44.8170015231191,152.25751313080252,44.8170015231191
100876,21,M,High School,Single,$40k - $60k,46000,2016-08-31,6,6000,0.21333025432620126,690.0,1,0,1,0,1096.1942199344799,30596.82131054451,0.7033859777301875,25.599630519144153,0,22.481116460489623,0,48.08074697963377,0.05,0.0524100280123398,67.08386763069468,0.05226993827787396,48.0284770413559,200.28599017215842,48.0284770413559
100876,21,M,High School,Single,$40k - $60k,46000,2016-09-30,7,6000,0.19196472518404623,691.0,1,0,1,0,986.4077781311549,30078.141636836426,0.658343643730918,23.035767022085547,0,20.229579516506437,0,43.265346538591984,0.05,0.05219406144520329,60.116511969406034,-6.96735566128865,50.232702199880634,250.51869237203906,50.232702199880634
100876,21,M,High School,Single,$40k - $60k,46000,2016-10-31,8,6000,0.22169970038552048,690.0,1,0,1,1,1139.2004893605242,29865.04738558708,0.7496454420319025,26.60396404626246,30,0.0,0,56.60396404626246,0.15,0.15252324304511605,202.8861437095809,142.76963174017487,-86.16566769391241,164.35302467812664,-86.16566769391241
100876,21,M,High School,Single,$40k - $60k,46000,2016-11-30,9,6000,0.19522762304566088,691.0,1,0,1,0,1003.1741284429554,29379.900412502597,0.6726453008212155,23.427314765479306,0,20.573429417484277,0,44.00074418296359,0.05,0.05223446628518651,61.185664163494046,-141.70047954608685,185.70122372905044,350.05424840717706,185.7012237290504
100876,21,M,High School,Single,$40k - $60k,46000,2016-12-31,10,6000,0.20456375966632184,690.0,1,0,1,0,1051.1477224013543,28990.70062733491,0.6889204637462246,24.547651159958622,0,21.557287873581107,0,46.10493903353973,0.05,0.0523254305410768,64.22332078584991,3.037656622355861,43.06728241118387,393.12153081836095,43.067282411183896
100876,22,M,High School,Single,$40k - $60k,46000,2017-01-31,11,6000,0.20168610913236829,690.0,1,0,1,0,1036.36095953795,28571.927316440415,0.6872293471687371,24.202333095884196,0,21.25403601185746,0,45.45636910774165,0.05,0.052300718220227686,63.2899701759965,-0.9333506098534059,46.38971971759506,439.51125053595604,46.389719717595085
100876,22,M,High School,Single,$40k - $60k,46000,2017-02-28,12,6000,0.20404357084550215,690.0,1,0,1,0,1048.4747401726586,28177.381566815337,0.6810925175466918,24.485228501460256,0,21.50246946304094,100,145.9876979645012,0.05,0.05231344108431071,64.04532793235133,0.7553577563548259,145.23234020814635,584.7435907441024,145.2323402081464
100876,22,M,High School,Single,$40k - $60k,46000,2017-03-31,13,6000,0.21962378135519753,690.0,2,1,3,0,1128.533411456926,29071.48657121572,1.0275785794847232,26.3548537626237,0,23.144339379962457,0,49.49919314258616,0.05,0.052784568830326305,69.55647962231976,5.511151689968429,43.98804145261773,628.7316321967202,43.98804145261772
100876,22,M,High School,Single,$40k - $60k,46000,2017-04-30,14,6000,0.3134932317325022,685.0,2,1,3,0,1610.8801337117347,31412.63174238053,1.3949213607633737,37.61918780790027,0,33.03646674220483,0,70.6556545501051,0.05,0.053902867214623396,101.38910425656137,31.83262463424161,38.823029915863486,667.5546621125836,38.82302991586346
100876,22,M,High School,Single,$40k - $60k,46000,2017-05-31,15,6000,0.4109106793452639,680.0,2,1,3,0,2111.458185011435,35255.511067444444,1.8081322709297463,49.30928152143167,0,43.30248827760951,0,92.61176979904118,0.05,0.05509541770569186,135.83577310954152,34.44666885298015,58.16510094606103,725.7197630586446,58.16510094606099
100876,22,M,High School,Single,$40k - $60k,46000,2017-06-30,16,6000,0.6168178804261183,670.0,3,2,3,1,3169.509160390585,42272.5433186458,2.634660996247439,74.01814565113419,30,0.0,0,104.01814565113419,0.15,0.15756920403965638,583.1490147370284,447.31324162748695,-343.29509597635274,382.4246670822919,-343.29509597635274
100876,22,M,High School,Single,$40k - $60k,46000,2017-07-31,17,6000,0.9,660.0,3,2,3,2,4624.636112009082,53654.95642470266,3.759167703239871,27.929746481609605,30,0.0,0,57.929746481609605,0.4,0.41095916770323987,2219.1795055974953,1636.030490860467,-1578.1007443788574,-1195.6760772965654,-1578.1007443788571
100876,22,M,High School,Single,$40k - $60k,46000,2017-08-31,18,6000,0.9066872221153016,655.0,3,3,4,3,4658.998299657359,65140.45609370434,3.7961492788427766,0.08549048559021986,30,0.0,0,30.08549048559022,0.65,0.6610496470557652,3596.191609015754,1377.0121034182584,-1346.9266129326681,-2542.6026902292333,-1346.926612932668
100876,22,M,High School,Single,$40k - $60k,46000,2017-09-30,19,6000,0.9187882588230493,655.0,3,3,4,4,4658.998299657359,76625.95576270603,3.793606483996205,0.0,0,0.0,0,0.0,0.72,0.7311439125545806,4030.5986541905695,434.4070451748157,-434.4070451748157,-2977.009735404049,-434.4070451748157
100876,22,M,High School,Single,$40k - $60k,46000,2017-10-31,20,6000,0.9266255303435407,655.0,3,3,4,5,4658.998299657359,88111.4554317077,3.7842786837576257,0.0,0,0.0,0,0.0,0.8,0.811197282926506,4510.056675030077,479.4580208395073,-479.4580208395073,-3456.4677562435563,-479.4580208395073
100876,22,M,High School,Single,$40k - $60k,46000,2017-11-30,21,6000,0.9362185149356367,655.0,3,3,4,6,4658.998299657359,99596.95510070937,3.7840029108782676,0.0,0,0.0,0,0.0,0.84,0.8512737510303633,4781.869481960014,271.8128069299373,-271.8128069299373,-3728.2805631734936,-271.8128069299373
100876,22,M,High School,Single,$40k - $60k,46000,2017-12-31,22,6000,0.948625579064755,655.0,3,3,4,7,4658.998299657359,111082.45476971104,3.797379262685548,0.0,0,0.0,0,0.0,0.86,0.8713863838952036,4959.716478070382,177.8469961103683,-177.8469961103683,-3906.127559283862,-177.8469961103683
100877,21,M,High School,Single,$40k - $60k,46000,2016-03-31,1,6400,0.22569516191883604,689.0,1,0,1,0,1205.5598660535354,32909.8456607707,0.7833068314424043,28.888980725611013,0,24.72402358631459,0,53.61300431192561,0.05,0.052588868126793094,75.96193988483125,75.96193988483125,-22.348935572905646,-22.348935572905646,-22.348935572905646
100877,21,M,High School,Single,$40k - $60k,46000,2016-04-30,2,6400,0.22925028390645108,689.0,1,0,1,0,1224.5496944165131,32912.01317759275,0.7904947834477379,29.34403634002574,0,25.113473316325322,0,54.457509656351064,0.05,0.05262449705469935,77.21075769743376,1.2488178126025105,53.208691843748554,30.859756270842908,53.208691843748554
100877,21,M,High School,Single,$40k - $60k,46000,2016-05-31,3,6400,0.21512154085479,690.0,1,0,1,0,1149.0804400645268,32763.24218571083,0.7371033625180068,27.535557229413122,0,23.56572469165667,0,51.10128192106979,0.05,0.05245807568935633,72.22311726445781,-4.987640432975951,56.08892235404574,86.94867862488866,56.08892235404575
100877,21,M,High School,Single,$40k - $60k,46000,2016-06-30,4,6400,0.19642352494429402,691.0,1,0,1,0,1049.2042293169045,32414.71877233367,0.6897121876996625,25.142211192869638,0,21.517430069574182,0,46.65964126244382,0.05,0.05226110038725402,65.69798115540507,-6.525136109052738,53.18477737149656,140.1334559963852,53.18477737149655
100877,21,M,High School,Single,$40k - $60k,46000,2016-07-31,5,6400,0.22562266631436284,689.0,1,0,1,1,1205.1726278403848,32378.132156003463,0.7812557733017066,28.879701288238444,30,0.0,0,58.879701288238444,0.15,0.1525862371038166,220.33224741272747,154.6342662573224,-95.75456496908396,44.37889102730125,-95.75456496908396
100877,21,M,High School,Single,$40k - $60k,46000,2016-08-31,6,6400,0.20640640893060466,690.0,1,0,1,0,1102.5282092331984,32136.256702458886,0.7093074737807356,26.4200203431174,0,22.61101602435751,0,49.03103636747491,0.05,0.05236055874522558,69.16835136129266,-151.1638960514348,200.1949324189097,244.57382344621095,200.1949324189097
100877,21,M,High School,Single,$40k - $60k,46000,2016-09-30,7,6400,0.21741556399213274,690.0,1,0,1,0,1161.3340577436386,32011.99294593519,0.752486872508452,27.82919219099299,0,23.817025967559122,0,51.64621815855212,0.05,0.052491811384445516,73.04023537355441,3.871884012261745,47.77433414629037,292.3481575925013,47.77433414629036
100877,21,M,High School,Single,$40k - $60k,46000,2016-10-31,8,6400,0.21383770124431112,690.0,1,0,1,0,1142.2227586872018,31849.50659129862,0.7324507142318426,27.371225759271823,0,23.425085076076698,0,50.79631083534852,0.05,0.05244315232418634,71.77166808965926,-1.2685672838951518,52.06487811924367,344.413035711745,52.0648781192437
100877,21,M,High School,Single,$40k - $60k,46000,2016-11-30,9,6400,0.2072928470237263,690.0,1,0,1,0,1107.2631542790862,31617.10102784582,0.7123992149456243,26.533484419036967,0,22.708121855673593,0,49.24160627471056,0.05,0.052370741991135436,69.47891333175986,-2.2927547578994023,51.534361032609965,395.947396744355,51.53436103260998
100877,21,M,High School,Single,$40k - $60k,46000,2016-12-31,10,6400,0.20425187994726596,690.0,1,0,1,0,1091.0197052383437,31352.208566311536,0.72121362872342,26.144240633250043,0,22.374995788263032,0,48.51923642151307,0.05,0.05235522866830155,68.43938483564534,-1.0395284961145137,49.558764917627585,445.50616166198256,49.55876491762757
100877,22,M,High School,Single,$40k - $60k,46000,2017-01-31,11,6400,0.18249997959125278,691.0,1,0,1,0,974.8310467989775,30854.938787898518,0.6506492663954492,23.359997387680355,0,19.992160051435697,0,43.352157439116056,0.05,0.052110649103125475,60.86523134596694,-7.574153489678402,50.92631092879446,496.432472590777,50.926310928794464
100877,22,M,High School,Single,$40k - $60k,46000,2017-02-28,12,6400,0.21644611190065294,690.0,1,0,1,0,1156.1556900568294,30720.318296001205,0.7449803629188018,27.705102323283576,0,23.710826276915476,100,151.41592860019904,0.05,0.052476549258124026,72.69340833845784,11.828176992490903,139.58775160770813,636.0202241984852,139.58775160770813
100877,22,M,High School,Single,$40k - $60k,46000,2017-03-31,13,6400,0.21828000600678946,690.0,2,1,3,0,1165.9515098438098,31771.24095352166,1.0445967401955194,27.93984076886905,0,23.911722214380134,0,51.85156298324918,0.05,0.05279083678824984,73.74837869595274,1.054970357494895,50.796592625754286,686.8168168242395,50.79659262575433
100877,22,M,High School,Single,$40k - $60k,46000,2017-04-30,14,6400,0.31339541358900014,685.0,2,1,3,0,1674.0143192082112,34346.35203913532,1.4463257127762243,40.11461293939202,0,34.331243663095066,0,74.44585660248708,0.05,0.05395348902148823,108.21616644133684,34.4677877453841,39.97806885710298,726.7948856813425,39.97806885710304
100877,22,M,High School,Single,$40k - $60k,46000,2017-05-31,15,6400,0.41390966995853384,680.0,2,1,3,0,2210.915298454292,38532.166062487224,1.886655445292713,52.98043775469233,0,45.34218791246677,0,98.3226256671591,0.05,0.055197932804960985,146.22053215804627,38.00436571670943,60.31825995044967,787.1131456317922,60.318259950449715
100877,22,M,High School,Single,$40k - $60k,46000,2017-06-30,16,6400,0.6100550341182019,670.0,3,2,3,1,3258.6337206524086,45861.13535243348,2.70095470210021,78.08704436712985,30,0.0,0,108.08704436712985,0.15,0.1575813949750458,615.2532690425307,469.0327368844845,-360.94569251735464,426.1674531144376,-360.94569251735464
100877,22,M,High School,Single,$40k - $60k,46000,2017-07-31,17,6400,0.9,660.0,3,2,3,2,4807.38652181817,57836.36304587701,3.9057502596662417,29.764633008041965,30,0.0,0,59.76463300804197,0.4,0.4111057502596663,2367.969121495678,1752.7158524531471,-1692.9512194451052,-1266.7837663306675,-1692.9512194451052
100877,22,M,High School,Single,$40k - $60k,46000,2017-08-31,18,6400,0.9065019246245063,655.0,3,3,4,3,4842.116816046758,69915.78162200631,3.9427800776938717,0.09270466637223886,30,0.0,0,30.09270466637224,0.65,0.66119479547469,3835.995869756885,1468.026748261207,-1437.934043594835,-2704.7178099255025,-1437.934043594835
100877,22,M,High School,Single,$40k - $60k,46000,2017-09-30,19,6400,0.9176227393220795,655.0,3,3,4,4,4842.116816046758,81995.20019813562,3.9439997547218395,0.0,0,0.0,0,0.0,0.72,0.7312849816692985,4294.679859868661,458.683990111776,-458.683990111776,-3163.4018000372785,-458.683990111776
100877,22,M,High School,Single,$40k - $60k,46000,2017-10-31,20,6400,0.9250420909225597,655.0,3,3,4,5,4842.116816046758,94074.61877426492,3.9410883210778227,0.0,0,0.0,0,0.0,0.8,0.8113414250484583,4803.359796985057,508.6799371163961,-508.6799371163961,-3672.0817371536746,-508.6799371163961
100877,22,M,High School,Single,$40k - $60k,46000,2017-11-30,21,6400,0.9372364124131829,655.0,3,3,4,6,4842.116816046758,106154.03735039422,3.933032383675385,0.0,0,0.0,0,0.0,0.84,0.8514309236829808,5107.149211713789,303.7894147287316,-303.7894147287316,-3975.871151882406,-303.7894147287316
100877,22,M,High School,Single,$40k - $60k,46000,2017-12-31,22,6400,0.947946904234806,655.0,3,3,4,7,4842.116816046758,118233.45592652353,3.9209017673260274,0.0,0,0.0,0,0.0,0.86,0.8715044770012045,5287.295814400419,180.1466026866301,-180.1466026866301,-4156.017754569037,-180.14660268663056
100878,21,M,High School,Single,$40k - $60k,46000,2016-03-31,1,6300,0.20677420331412624,690.0,1,0,1,0,1098.7017892484653,32275.620703718356,0.7098334563512828,26.053549617579908,0,22.532542527837276,0,48.58609214541718,0.05,0.05236402708286429,68.21343888898514,68.21343888898514,-19.627346743567955,-19.627346743567955,-19.627346743567955
100878,21,M,High School,Single,$40k - $60k,46000,2016-04-30,2,6300,0.17251576021961945,692.0,1,0,1,0,916.6683821719556,31631.558062497403,0.6291433430884318,21.73698578767205,0,18.799340737709855,0,40.53632652538191,0.05,0.05200926942484539,56.526237515753536,-11.687201373231602,52.22352789861351,32.59618115504556,52.22352789861351
100878,21,M,High School,Single,$40k - $60k,46000,2016-05-31,3,6300,0.22777439175394376,689.0,1,0,1,1,1210.2870075376666,31574.73267200787,0.7866055345250741,28.699573360996915,30,0.0,0,58.699573360996915,0.15,0.15260880066855662,218.99037351604977,162.46413600029624,-103.76456263929933,-71.16838148425377,-103.76456263929933
100878,21,M,High School,Single,$40k - $60k,46000,2016-06-30,4,6300,0.18895946105708714,691.0,1,0,1,0,1004.0425480128739,31105.418362468754,0.6626943995263932,23.80889209319298,0,20.591239255497356,0,44.40013134869034,0.05,0.05217437008798309,62.11069737275525,-156.87967614329452,201.27980749198485,130.1114260077311,201.27980749198485
100878,21,M,High School,Single,$40k - $60k,46000,2016-07-31,5,6300,0.17957658999080328,691.0,1,0,1,0,954.1863422406647,30536.391641385213,0.6320663555713076,22.626650338841213,0,19.568771568785632,0,42.195421907626844,0.05,0.05206867907549774,58.90698975233126,-3.203707620423984,45.39912952805083,175.51055553578192,45.39912952805082
100878,21,M,High School,Single,$40k - $60k,46000,2016-08-31,6,6300,0.221245735922514,690.0,1,0,1,0,1175.5967718679772,30410.1857795563,0.757593205343702,27.876962726236766,0,24.109530463059098,0,51.986493189295864,0.05,0.052527559092723816,73.21544034640304,14.308450594071779,37.678042595224085,213.18859813100602,37.6780425952241
100878,21,M,High School,Single,$40k - $60k,46000,2016-09-30,7,6300,0.2061696943230327,690.0,1,0,1,0,1095.4897100844012,30123.765794160234,0.7138058936214543,25.977381484702118,0,22.466668137647595,0,48.44404962234971,0.05,0.05236316344820572,68.01289363199251,-5.202546714410531,53.64659633676024,266.83519446776626,53.64659633676024
100878,21,M,High School,Single,$40k - $60k,46000,2016-10-31,8,6300,0.20722058671418087,690.0,1,0,1,0,1101.073662685626,29848.51371396662,0.7060345797341908,26.10979392598679,0,22.581185698911046,0,48.690979624897835,0.05,0.05236379927344764,68.36040041057274,0.3475067785802253,48.34347284631761,315.1786673140839,48.34347284631764
100878,21,M,High School,Single,$40k - $60k,46000,2016-11-30,9,6300,0.1957854905192596,691.0,1,0,1,0,1040.3128886228103,29451.740085647372,0.6740610680742085,24.668971805426708,0,21.33508349083947,0,46.00405529626617,0.05,0.05224034499222829,64.4357798859522,-3.9246205246205363,49.92867582088671,365.1073431349706,49.928675820886724
100878,21,M,High School,Single,$40k - $60k,46000,2016-12-31,10,6300,0.18400970388630253,691.0,1,0,1,0,977.7418442852203,28929.824368652942,0.6449589037976321,23.18522268967412,0,20.051855656549392,0,43.23707834622351,0.05,0.052117036534888056,60.41725489936308,-4.018524986589121,47.25560333281263,412.3629464677833,47.255603332812655
100878,22,M,High School,Single,$40k - $60k,46000,2017-01-31,11,6300,0.21669702832397142,690.0,1,0,1,0,1151.4270587355586,28755.27908055919,0.7356797625809146,27.3038255688204,0,23.613849929568413,0,50.91767549838882,0.05,0.05246925598917269,71.63057066270781,11.213315763344731,39.704359735044086,452.06730620282735,39.70435973504408
100878,22,M,High School,Single,$40k - $60k,46000,2017-02-28,12,6300,0.20537575796347718,690.0,1,0,1,0,1091.2711021303526,28460.421879255027,0.7197682229633133,25.877345503398125,0,22.380151519523313,100,148.25749702292143,0.05,0.05236277428667113,67.75048008663201,-3.8800905760758013,152.13758759899724,604.2048938018246,152.13758759899724
100878,22,M,High School,Single,$40k - $60k,46000,2017-03-31,13,6300,0.21627593199284448,690.0,2,1,3,0,1149.1895490025274,29430.59112069774,1.0545204351268884,27.250767431098403,0,23.567962334126833,0,50.818729765225235,0.05,0.052784727891069645,71.92121718366761,4.170737097035598,46.64799266818964,650.8528864700143,46.64799266818966
100878,22,M,High School,Single,$40k - $60k,46000,2017-04-30,14,6300,0.31657661796656694,685.0,2,1,3,0,1682.1406685131337,31999.613720672278,1.4656686235437013,39.88865386378744,0,34.49790154342352,0,74.38655540721095,0.05,0.05399828156727624,107.69593813382076,35.77472095015315,38.611834457057796,689.464720927072,38.61183445705774
100878,22,M,High School,Single,$40k - $60k,46000,2017-05-31,15,6300,0.4134947102774733,680.0,2,1,3,0,2197.118261103699,36113.569098418506,1.8712393232933815,52.10033349496163,0,45.059233671468355,0,97.15956716642998,0.05,0.05517919700551317,143.74272829857125,36.04679016475049,61.11277700167949,750.5774979287514,61.11277700167943
100878,22,M,High School,Single,$40k - $60k,46000,2017-06-30,16,6300,0.6168458001693776,670.0,3,2,3,1,3277.6312203070443,43469.06335377477,2.696024439041669,77.72257082134158,30,0.0,0,107.72257082134158,0.15,0.1576307908403967,612.5735152358407,468.8307869372694,-361.1082161159278,389.4692818128236,-361.1082161159278
100878,22,M,High School,Single,$40k - $60k,46000,2017-07-31,17,6300,0.9,660.0,3,2,3,2,4782.1807289055805,55338.206134926644,3.8800174565219634,28.898333515457875,30,0.0,0,58.89833351545788,0.4,0.411080017456522,2330.8236989784796,1718.250183742639,-1659.351850227181,-1269.8825684143576,-1659.3518502271813
100878,22,M,High School,Single,$40k - $60k,46000,2017-08-31,18,6300,0.9056580413625767,655.0,3,3,4,3,4812.24492486943,67297.54150397007,3.918967417056627,0.0012581173862634487,30,0.0,0,30.001258117386264,0.65,0.6611642317479572,3772.3688298062402,1441.5451308277607,-1411.5438727103744,-2681.4264411247323,-1411.5438727103747
100878,22,M,High School,Single,$40k - $60k,46000,2017-09-30,19,6300,0.9187997054929703,655.0,3,3,4,4,4812.24492486943,79256.8768730135,3.897254617275723,0.0,0,0.0,0,0.0,0.72,0.7312476522612195,4232.7818035022165,460.41297369597623,-460.41297369597623,-3141.8394148207085,-460.41297369597623
100878,22,M,High School,Single,$40k - $60k,46000,2017-10-31,20,6300,0.9280512234826982,655.0,3,3,4,5,4812.24492486943,91216.21224205694,3.9115226993582604,0.0,0,0.0,0,0.0,0.8,0.8113359324872199,4743.656220241514,510.8744167392979,-510.8744167392979,-3652.7138315600064,-510.8744167392979
100878,22,M,High School,Single,$40k - $60k,46000,2017-11-30,21,6300,0.9357684686135267,655.0,3,3,4,6,4812.24492486943,103175.54761110037,3.897399155953139,0.0,0,0.0,0,0.0,0.84,0.8513835469048613,5019.196630706462,275.54041046494785,-275.54041046494785,-3928.2542420249542,-275.54041046494785
100878,22,M,High School,Single,$40k - $60k,46000,2017-12-31,22,6300,0.9451195476138676,655.0,3,3,4,7,4812.24492486943,115134.8829801438,3.9148089852547496,0.0,0,0.0,0,0.0,0.86,0.8714757653661657,5188.9873210517135,169.79069034525128,-169.79069034525128,-4098.044932370205,-169.79069034525082
100879,21,M,High School,Single,$40k - $60k,46000,2016-03-31,1,5400,0.18578060252091533,691.0,1,0,1,0,847.5796537346037,32872.8765828594,0.5781623031580423,20.064305072258858,0,17.382446065340496,0,37.44675113759935,0.05,0.05206440712332537,52.23180739643437,52.23180739643437,-14.78505625883502,-14.78505625883502,-14.78505625883502
100879,21,M,High School,Single,$40k - $60k,46000,2016-04-30,2,5400,0.2113497908778722,690.0,1,0,1,0,964.2329723254102,32263.358566940587,0.6560027067104376,22.8257774148102,0,19.774811207440287,0,42.600588622250484,0.05,0.05234680103373342,59.74282143866777,7.511014042233398,35.089574580017086,20.304518321182066,35.089574580017086
100879,21,M,High School,Single,$40k - $60k,46000,2016-05-31,3,5400,0.19520436958788304,691.0,1,0,1,0,890.5733415529904,31506.52128947694,0.6195353835405794,21.08207191549137,0,18.264174946349247,0,39.34624686184061,0.05,0.052181170340243645,55.00435928737608,-4.738462151291685,44.0847090131323,64.38922733431437,44.084709013132304
100879,21,M,High School,Single,$40k - $60k,46000,2016-06-30,4,5400,0.18225427541245465,691.0,1,0,1,0,831.4916280258509,30631.520584959013,0.5683037992336233,19.683461744545102,0,17.052507471430157,0,36.73596921597526,0.05,0.052026338002533264,51.20292168908183,-3.8014375982942497,40.53740681426951,104.92663414858387,40.5374068142695
100879,21,M,High School,Single,$40k - $60k,46000,2016-07-31,5,5400,0.17967237356884488,691.0,1,0,1,0,819.7123171565305,29732.961258702446,0.5761560430637646,19.404616345435247,0,16.81093343768518,0,36.21554978312042,0.05,0.05201353503161453,50.465134602916805,-0.737787086165028,36.95333686928545,141.8799710178693,36.95333686928544
100879,21,M,High School,Single,$40k - $60k,46000,2016-08-31,6,5400,0.18529556901971203,691.0,1,0,1,0,845.366804161391,28885.7109064556,0.5925340769256539,20.0119214541289,0,17.337064208676527,0,37.348985662805426,0.05,0.052074898629083356,52.10593905484704,1.6408044519302365,35.70818121087519,177.5881522287445,35.70818121087518
100879,21,M,High School,Single,$40k - $60k,46000,2016-09-30,7,5400,0.20411146555555715,690.0,1,0,1,0,931.2098408086765,28210.146627503324,0.629287386865454,22.044038280000173,0,19.09756181858461,0,41.14160009858478,0.05,0.05226217911130991,57.60347384629705,5.497534791450008,35.644065307134774,213.23221753587927,35.64406530713478
100879,21,M,High School,Single,$40k - $60k,46000,2016-10-31,8,5400,0.17284844715766912,692.0,1,0,1,0,788.579781756105,27249.322230445905,0.5600080377203356,18.667632293028266,0,16.172457024181455,0,34.84008931720972,0.05,0.05194279561498169,48.48245044061996,-9.121023405677093,43.96111272288681,257.1933302587661,43.96111272288681
100879,21,M,High School,Single,$40k - $60k,46000,2016-11-30,9,5400,0.17805117590706018,691.0,1,0,1,0,812.3159897996089,26335.970249475493,0.5790660909890492,19.229526997962502,0,16.65924709080698,0,35.88877408876948,0.05,0.052003475498245536,50.00011180406969,1.517661363449733,34.37111272531975,291.5644429840858,34.37111272531973
100879,21,M,High School,Single,$40k - $60k,46000,2016-12-31,10,5400,0.17053675995865578,692.0,1,0,1,0,778.0332607033388,25354.05281031254,0.5464142194681751,18.417970075534825,0,15.956165454924307,0,34.37413553045913,0.05,0.05191070829913742,47.80449360266651,-2.195618201403178,36.569753731862306,328.1341967159481,36.569753731862306
100879,22,M,High School,Single,$40k - $60k,46000,2017-01-31,11,5400,0.1940897336393602,691.0,1,0,1,0,885.4880810980794,24587.04501193907,0.6017575298191402,20.961691233050903,0,18.15988472985311,0,39.12157596290402,0.05,0.05215447539893402,54.6623004867102,6.85780688404369,32.26376907886033,360.39796579480844,32.26376907886032
100879,22,M,High School,Single,$40k - $60k,46000,2017-02-28,12,5400,0.2209765606489718,690.0,1,0,1,1,1008.1528115252685,24065.366674419976,0.6751018090770153,23.865468550088956,30,0.0,100,153.86546855008896,0.15,0.1524429142942688,181.90607883868887,127.24377835197868,26.621690198110286,387.01965599291873,26.621690198110286
100879,22,M,High School,Single,$40k - $60k,46000,2017-03-31,13,5400,0.21798136874765334,690.0,2,1,3,0,994.4879634187369,24510.84660410656,0.9188188460015784,23.541987824746563,0,20.395290649779263,0,43.937278474525826,0.05,0.05266266979598281,61.98919655778379,-119.91688228090507,163.85416075543088,550.8738167483496,163.85416075543083
100879,22,M,High School,Single,$40k - $60k,46000,2017-04-30,14,5400,0.31695097765852587,685.0,2,1,3,0,1446.0131803287354,26310.902184523136,1.2745849974956345,34.230705587120795,0,29.65532030657515,0,63.886025893695944,0.05,0.05381019281876384,92.09804339826533,30.10884684048154,33.777179053214404,584.6509958015639,33.777179053214354
100879,22,M,High School,Single,$40k - $60k,46000,2017-05-31,15,5400,0.4165323324720586,680.0,2,1,3,0,1900.3293418977269,29473.906249646687,1.6282923408645373,44.98549190698233,0,38.972587586752546,0,83.95807949373489,0.05,0.05496055100064101,123.62137111213129,31.523327713865953,52.43475177986893,637.0857475814329,52.434751779868975
100879,22,M,High School,Single,$40k - $60k,46000,2017-06-30,16,5400,0.6190942414395925,670.0,3,2,3,1,2824.4697006480105,35409.331391021085,2.363807006869413,66.86217807547598,30,0.0,0,96.86217807547598,0.15,0.15731656093838614,525.9263955841922,402.3050244720609,-305.4428463965849,331.642901184848,-305.4428463965849
100879,22,M,High School,Single,$40k - $60k,46000,2017-07-31,17,5400,0.9,660.0,3,2,3,2,4106.035172726196,45189.452948630045,3.3494695715526515,24.52827539369795,30,0.0,0,54.52827539369795,0.4,0.4105494695715527,1995.2704221177462,1469.344026533554,-1414.815751139856,-1083.1728499550081,-1414.815751139856
100879,22,M,High School,Single,$40k - $60k,46000,2017-08-31,18,5400,0.9071588345464854,655.0,3,3,4,3,4138.695646552414,55067.55592771765,3.3796021342357503,0.05214016856731805,30,0.0,0,30.05214016856732,0.65,0.6606368728106077,3236.23390822545,1240.9634861077036,-1210.9113459391363,-2294.0841958941446,-1210.9113459391365
100879,22,M,High School,Single,$40k - $60k,46000,2017-09-30,19,5400,0.9177288230762914,655.0,3,3,4,4,4138.695646552414,64945.658906805256,3.369737071798674,0.0,0,0.0,0,0.0,0.72,0.730711567656409,3621.21336176516,384.97945353971,-384.97945353971,-2679.0636494338546,-384.97945353971
100879,22,M,High School,Single,$40k - $60k,46000,2017-10-31,20,5400,0.928058318690179,655.0,3,3,4,5,4138.695646552414,74823.76188589286,3.3739678066479803,0.0,0,0.0,0,0.0,0.8,0.8107984343561695,4063.3284516401673,442.11508987500747,-442.11508987500747,-3121.178739308862,-442.11508987500747
100879,22,M,High School,Single,$40k - $60k,46000,2017-11-30,21,5400,0.9353709887848268,655.0,3,3,4,6,4138.695646552414,84701.86486498047,3.381991805418793,0.0,0,0.0,0,0.0,0.84,0.8508649597156974,4297.721752934823,234.39330129465543,-234.39330129465543,-3355.5720406035175,-234.39330129465543
100879,22,M,High School,Single,$40k - $60k,46000,2017-12-31,22,5400,0.9470038852471824,655.0,3,3,4,7,4138.695646552414,94579.96784406807,3.385010785678111,0.0,0,0.0,0,0.0,0.86,0.8709610418676555,4453.93884895706,156.21709602223746,-156.21709602223746,-3511.789136625755,-156.21709602223746
100880,21,M,High School,Single,$40k - $60k,46000,2016-03-31,1,5900,0.20930523911827625,690.0,1,0,1,0,1040.6319445746503,31162.214858437288,0.6867299986584916,24.6980182159566,0,21.341626796651788,0,46.03964501260839,0.05,0.052361171911604706,64.6608588840824,64.6608588840824,-18.621213871474012,-18.621213871474012,-18.621213871474012
100880,21,M,High School,Single,$40k - $60k,46000,2016-04-30,2,5900,0.1775084572478451,691.0,1,0,1,0,882.5434653352717,30438.30677316019,0.6029923935063485,20.945997955245723,0,18.099495568250862,0,39.04549352349659,0.05,0.052023060051489114,54.48374547320582,-10.17711341087658,49.22260693437317,30.601393062899156,49.22260693437317
100880,21,M,High School,Single,$40k - $60k,46000,2016-05-31,3,5900,0.20533050465945402,690.0,1,0,1,0,1020.8702048949535,29991.052167002454,0.6673947343006166,24.228999549815576,0,20.936346452054007,0,45.16534600186958,0.05,0.05231003877157625,63.37099529236781,8.887249819161987,36.27809618270759,66.87948924560675,36.27809618270759
100880,21,M,High School,Single,$40k - $60k,46000,2016-06-30,4,5900,0.21083038864155118,690.0,1,0,1,0,1048.214742410283,29598.486635875375,0.6869149098564125,24.877985859703042,0,21.49713734226422,0,46.37512320196726,0.05,0.052373558018988825,65.14743179093703,1.7764364985692254,44.59868670339804,111.4781759490048,44.598686703398045
100880,21,M,High School,Single,$40k - $60k,46000,2016-07-31,5,5900,0.2262306886982758,689.0,1,0,1,0,1124.7825543894485,29359.056728706633,0.7187753318352982,26.695221266396548,0,23.06741555293694,0,49.76263681933349,0.05,0.05252862084142151,70.11315780901981,4.965726018082776,44.79691080125071,156.2750867502555,44.796910801250704
100880,21,M,High School,Single,$40k - $60k,46000,2016-08-31,6,5900,0.22797949924877903,689.0,1,0,1,0,1133.4773588364335,29137.01643043186,0.7279271526237195,26.90158091135593,0,23.245731500803856,0,50.147312412159785,0.05,0.05255176314661395,70.68627541615238,0.5731176071325734,49.57419480502721,205.84928155528272,49.57419480502722
100880,21,M,High School,Single,$40k - $60k,46000,2016-09-30,7,5900,0.18887898572560105,691.0,1,0,1,0,939.0759019359733,28526.173218356165,0.6220868991887419,22.287720315620923,0,19.258881622203585,0,41.546601937824505,0.05,0.052133118784993555,58.09641853304898,-12.589856883103401,54.136458820927906,259.98574037621063,54.13645882092791
100880,21,M,High School,Single,$40k - $60k,46000,2016-10-31,8,5900,0.22848510762698934,689.0,1,0,1,0,1135.9911622750226,28309.16052695857,0.7312665495178678,26.96124269998474,0,23.297285419656923,0,50.25852811964167,0.05,0.05255914741053379,70.85299647198381,12.756577938934832,37.501950180706835,297.48769055691747,37.50195018070684
100880,21,M,High School,Single,$40k - $60k,46000,2016-11-30,9,5900,0.20022992246116278,690.0,1,0,1,0,995.5109315493338,27811.187374109595,0.6747360554309542,23.627130850417206,0,20.416270021190922,0,44.04340087160813,0.05,0.05227657543512026,61.75727441086461,-9.095722061119204,53.13912293272733,350.6268134896448,53.13912293272733
100880,21,M,High School,Single,$40k - $60k,46000,2016-12-31,10,5900,0.2191933581470215,690.0,1,0,1,0,1089.794080106547,27501.78051837505,0.6999851500271056,25.864816261348537,0,22.349860259518433,0,48.21467652086697,0.05,0.05245353201520328,67.8350483915998,6.077773980735188,42.136902540131786,392.76371602977656,42.13690254013176
100880,22,M,High School,Single,$40k - $60k,46000,2017-01-31,11,5900,0.1763112608701053,691.0,1,0,1,0,876.5911977291031,26765.967897885617,0.6081798318562518,20.804728782672424,0,17.977424480094356,0,38.78215326276678,0.05,0.052018669918817095,54.11171596481751,-13.723332426782285,52.50548568954907,445.2692017193256,52.50548568954906
100880,22,M,High School,Single,$40k - $60k,46000,2017-02-28,12,5900,0.2297769128541003,689.0,1,0,1,1,1142.4138098454473,26561.80050162887,0.7475267901948097,27.11367571678383,30,0.0,100,157.11367571678383,0.15,0.1525857420930276,206.85801650575817,152.74630054094067,4.367375175843165,449.6365768951688,4.367375175843165
100880,22,M,High School,Single,$40k - $60k,46000,2017-03-31,13,5900,0.21090770645452722,690.0,2,1,3,0,1048.59915412595,27218.60294805908,0.9622997182709614,24.887109361634213,0,21.50502098586636,0,46.39213034750057,0.05,0.052649561369907186,65.5147695827476,-141.34324692301055,187.73537727051112,637.3719541656799,187.7353772705111
100880,22,M,High School,Single,$40k - $60k,46000,2017-04-30,14,5900,0.3163001372591691,685.0,2,1,3,0,1572.5933487944728,29447.387978494855,1.3828014206057624,37.32341619658196,0,32.25126859485998,0,69.57468479144194,0.05,0.05391320251867912,100.61124480476356,35.096475222015954,34.478209569425985,671.8501637351059,34.478209569425985
100880,22,M,High School,Single,$40k - $60k,46000,2017-05-31,15,5900,0.4114841407224116,680.0,2,1,3,0,2045.8328865796748,33095.89162228624,1.7462367067016404,48.55512860524456,0,41.956622782271495,0,90.51175138751606,0.05,0.05503810983248093,133.61912505528434,33.007880250520785,57.50387113699527,729.3540348721011,57.50387113699526
100880,22,M,High School,Single,$40k - $60k,46000,2017-06-30,16,5900,0.6138147664649323,670.0,3,2,3,1,3051.7881765686866,39762.26113604465,2.5400593695137195,72.430142442862,30,0.0,0,102.430142442862,0.15,0.15745057750123317,570.2083878062601,436.58926275097576,-334.15912030811376,395.19491456398737,-334.15912030811376
100880,22,M,High School,Single,$40k - $60k,46000,2017-07-31,17,5900,0.9,660.0,3,2,3,2,4474.655073435309,50697.23134040294,3.6423352899106227,27.297511472876206,30,0.0,0,57.29751147287621,0.4,0.41084233528991065,2181.5728003894255,1611.3644125831654,-1554.066901110289,-1158.8719865463017,-1554.066901110289
100880,22,M,High School,Single,$40k - $60k,46000,2017-08-31,18,5900,0.908390461427977,655.0,3,3,4,3,4516.371096543265,61757.34961408509,3.683698124196622,0.22961151271910687,30,0.0,0,30.229611512719107,0.65,0.6609508218156205,3542.3683898607233,1360.7955894712977,-1330.5659779585785,-2489.4379645048803,-1330.5659779585785
100880,22,M,High School,Single,$40k - $60k,46000,2017-09-30,19,5900,0.9185436229747661,655.0,3,3,4,4,4516.371096543265,72817.46788776724,3.665384517786153,0.0,0,0.0,0,0.0,0.72,0.7310137335015843,3961.6612189676466,419.29282910692336,-419.29282910692336,-2908.7307936118036,-419.29282910692336
100880,22,M,High School,Single,$40k - $60k,46000,2017-10-31,20,5900,0.9278535253820128,655.0,3,3,4,5,4516.371096543265,83877.58616144939,3.665351136312066,0.0,0,0.0,0,0.0,0.8,0.8110881793393682,4440.169056914695,478.5078379470483,-478.5078379470483,-3387.238631558852,-478.5078379470483
100880,22,M,High School,Single,$40k - $60k,46000,2017-11-30,21,5900,0.9359832509631254,655.0,3,3,4,6,4516.371096543265,94937.70443513154,3.6703695863575057,0.0,0,0.0,0,0.0,0.84,0.8511582355940625,4700.352129368674,260.18307245397864,-260.18307245397864,-3647.4217040128306,-260.18307245397864
100880,22,M,High School,Single,$40k - $60k,46000,2017-12-31,22,5900,0.9471227097478025,655.0,3,3,4,7,4516.371096543265,105997.82270881369,3.6721193415142013,0.0,0,0.0,0,0.0,0.86,0.8712491010194966,4868.5608755952435,168.20874622656993,-168.20874622656993,-3815.6304502394005,-168.20874622656993
100881,21,M,High School,Single,$40k - $60k,46000,2016-03-31,1,6200,0.2100742403468849,690.0,1,0,1,0,1097.2814955871067,31137.714315453293,0.71103669508905,26.04920580301373,0,22.503414671998915,0,48.552620475012645,0.05,0.05239163061786413,68.2380184160109,68.2380184160109,-19.685397940998257,-19.685397940998257,-19.685397940998257
100881,21,M,High School,Single,$40k - $60k,46000,2016-04-30,2,6200,0.22415528569506057,690.0,1,0,1,0,1170.831067745801,31075.412852440386,0.7452817865413894,27.79525542618751,0,24.011793814353467,0,51.80704924054098,0.05,0.052538524072101876,73.01608481494864,4.778066398937739,47.02898284160324,27.34358490060498,47.02898284160324
100881,21,M,High School,Single,$40k - $60k,46000,2016-05-31,3,6200,0.17246335854147207,692.0,1,0,1,0,900.828448466019,30473.106150867916,0.623826078000004,21.38545645914254,0,18.47449009729061,0,39.859946556433144,0.05,0.05200353294633178,55.60596447726814,-17.410120337680503,57.27006689411365,84.61365179471863,57.270066894113654
100881,21,M,High School,Single,$40k - $60k,46000,2016-06-30,4,6200,0.1866480560359584,691.0,1,0,1,0,974.919427233809,30018.981406831022,0.6526465496867723,23.144358948458844,0,19.993972586853367,0,43.13833153531221,0.05,0.05214583099797444,60.34409151413962,4.738127036871482,38.40020449844073,123.01385629315936,38.40020449844073
100881,21,M,High School,Single,$40k - $60k,46000,2016-07-31,5,6200,0.17905038307953727,691.0,1,0,1,0,935.234476185849,29485.48676069821,0.6206573097418439,22.202247501862622,0,19.180100382444785,0,41.38234788430741,0.05,0.052053060374378145,57.784746483067075,-2.559345031072546,43.94169291537995,166.9555492085393,43.941692915379946
100881,21,M,High School,Single,$40k - $60k,46000,2016-08-31,6,6200,0.1720313469941799,692.0,1,0,1,0,898.5719210786492,28878.667004351002,0.6028730884089598,21.33188702727831,0,18.42821248145463,0,39.760099508732935,0.05,0.0519791238643624,55.44063990257423,-2.3441065804928414,42.10420608922578,209.0597552977651,42.104206089225784
100881,21,M,High School,Single,$40k - $60k,46000,2016-09-30,7,6200,0.21099978953553603,690.0,1,0,1,0,1102.115919818681,28678.935245483855,0.712308948678613,26.163973902406468,0,22.602560655614784,0,48.76653455802125,0.05,0.052400307264962906,68.55001358792848,13.109373685354242,35.657160872667006,244.7169161704321,35.65716087266702
100881,21,M,High School,Single,$40k - $60k,46000,2016-10-31,8,6200,0.21687500508442437,690.0,1,0,1,0,1132.8039532193284,28540.579553418003,0.7280471791513189,26.89250063046862,0,23.231921073939727,0,50.12442170440835,0.05,0.05246304721982672,70.54312652177475,1.9931129338462767,48.13130877056207,292.8482249409942,48.1313087705621
100881,21,M,High School,Single,$40k - $60k,46000,2016-11-30,9,6200,0.22087472113586482,690.0,1,0,1,1,1153.6956837028056,28444.007322319107,0.7560099533024526,27.38846542084724,30,0.0,0,57.38846542084724,0.15,0.15252300772238936,208.86855614441384,138.3254296226391,-80.93696420179185,211.91126073920236,-80.93696420179185
100881,21,M,High School,Single,$40k - $60k,46000,2016-12-31,10,6200,0.21691189549934925,690.0,1,0,1,0,1132.9966430493369,28306.03700991327,0.736107214664359,26.897075041919308,0,23.235872821203483,0,50.132947863122794,0.05,0.05247140237865915,70.56636236667693,-138.30219377773693,188.43514164085974,400.3464023800621,188.43514164085974
100881,22,M,High School,Single,$40k - $60k,46000,2017-01-31,11,6200,0.20338106733931854,690.0,1,0,1,0,1062.321022204752,28026.715455818266,0.6915570853753245,25.2192523500755,0,21.786433630382454,0,47.005685980457955,0.05,0.052318605624089874,65.97180589190009,-4.594556474776837,51.60024245523479,451.94664483529687,51.60024245523476
100881,22,M,High School,Single,$40k - $60k,46000,2017-02-28,12,6200,0.2138636052964621,690.0,1,0,1,0,1117.0744984432947,27856.900854200347,0.7263272165764535,26.5190870567613,0,22.909336172241236,100,149.42842322900253,0.05,0.05243723605894815,69.52938140315945,3.5575755112593583,145.87084771774317,597.81749255304,145.87084771774312
100881,22,M,High School,Single,$40k - $60k,46000,2017-03-31,13,6200,0.2104125147770791,690.0,2,1,3,0,1099.0484055712602,28750.082472409616,0.9939096968005569,26.09115183235781,0,22.53965105092393,0,48.63080288328174,0.05,0.052677209815017195,68.72045396942913,-0.8089274337303181,49.43973031701206,647.257222870052,49.43973031701205
100881,22,M,High School,Single,$40k - $60k,46000,2017-04-30,14,6200,0.3115289005967541,685.0,2,1,3,0,1627.20996825198,31227.748778661047,1.4195592499763374,38.62958367399751,0,33.37136443223436,0,72.00094810623187,0.05,0.05391179045475037,104.12950101933998,35.40904704991085,36.59190105632102,683.8491239263731,36.591901056321035
100881,22,M,High School,Single,$40k - $60k,46000,2017-05-31,15,6200,0.41295782794809577,680.0,2,1,3,0,2157.004030180271,35294.79727069735,1.8187458603637405,51.20677066556387,0,44.23655765228039,0,95.44332831784426,0.05,0.05512240848394851,141.1320264885542,37.00252546921422,58.44080284863004,742.2899267750031,58.44080284863003
100881,22,M,High School,Single,$40k - $60k,46000,2017-06-30,16,6200,0.6121816753057939,670.0,3,2,3,1,3197.610631086226,42483.66556545152,2.638154590773317,75.91052773791844,30,0.0,0,105.91052773791844,0.15,0.15753560799321967,597.9305570139575,456.7985305254033,-350.8880027874849,391.4019239875182,-350.8880027874849
100881,22,M,High School,Single,$40k - $60k,46000,2017-07-31,17,6200,0.9,660.0,3,2,3,2,4700.973067415117,54182.62116919236,3.8172665498185436,28.87506918275482,30,0.0,0,58.87506918275482,0.4,0.41101726654981857,2293.4763473479875,1695.54579033403,-1636.6707211512753,-1245.268797163757,-1636.6707211512753
100881,22,M,High School,Single,$40k - $60k,46000,2017-08-31,18,6200,0.9065295256477937,655.0,3,3,4,3,4735.0787609854215,65983.89385364411,3.838190031665247,0.08046369512523083,30,0.0,0,30.080463695125232,0.65,0.6610904262368477,3715.6475411420806,1422.1711937940931,-1392.090730098968,-2637.359527262725,-1392.090730098968
100881,22,M,High School,Single,$40k - $60k,46000,2017-09-30,19,6200,0.9174362866977449,655.0,3,3,4,4,4735.0787609854215,77785.16653809587,3.8577122939534023,0.0,0,0.0,0,0.0,0.72,0.7311972025875353,4159.126447591259,443.4789064491788,-443.4789064491788,-3080.8384337119037,-443.4789064491788
100881,22,M,High School,Single,$40k - $60k,46000,2017-10-31,20,6200,0.9269643084962812,655.0,3,3,4,5,4735.0787609854215,89586.43922254763,3.83779717608446,0.0,0,0.0,0,0.0,0.8,0.8112535116440548,4662.418912705129,503.2924651138692,-503.2924651138692,-3584.130898825773,-503.2924651138692
100881,22,M,High School,Single,$40k - $60k,46000,2017-11-30,21,6200,0.9385787040268695,655.0,3,3,4,6,4735.0787609854215,101387.71190699938,3.850368044435382,0.0,0,0.0,0,0.0,0.84,0.8513589976766504,4954.218033145983,291.7991204408545,-291.7991204408545,-3875.9300192666274,-291.7991204408545
100881,22,M,High School,Single,$40k - $60k,46000,2017-12-31,22,6200,0.9465286739367808,655.0,3,3,4,7,4735.0787609854215,113188.98459145112,3.8568622775530454,0.0,0,0.0,0,0.0,0.86,0.8714290916690473,5113.9622599181075,159.74422677212442,-159.74422677212442,-4035.674246038752,-159.74422677212442
100882,21,M,High School,Single,$40k - $60k,46000,2016-03-31,1,5900,0.2148102902343968,690.0,1,0,1,0,1086.178603621418,31943.52897039134,0.7183237569090458,25.34761424765882,0,22.27571286260258,0,47.6233271102614,0.05,0.052436806078784225,66.45739664321569,66.45739664321569,-18.834069532954288,-18.834069532954288,-18.834069532954288
100882,21,M,High School,Single,$40k - $60k,46000,2016-04-30,2,5900,0.2134471255103186,690.0,1,0,1,0,1079.2858222984673,31532.23308734725,0.7010084123200431,25.1867608102176,0,22.134353405637736,0,47.32111421585533,0.05,0.052408585416402594,66.0001252642395,-0.45727137897618775,47.77838559483152,28.94431606187723,47.77838559483152
100882,21,M,High School,Single,$40k - $60k,46000,2016-05-31,3,5900,0.20016016970878148,690.0,1,0,1,0,1012.1009258805856,30986.567411467397,0.6832523453195095,23.61890002563621,0,20.756503154934343,0,44.37540318057056,0.05,0.052284533702989765,61.74515872089613,-4.254966543343372,48.63036972391393,77.57468578579116,48.63036972391393
100882,21,M,High School,Single,$40k - $60k,46000,2016-06-30,4,5900,0.20601869420187519,690.0,1,0,1,0,1041.7242923694384,30500.148468565247,0.6767610239968754,24.31020591582127,0,21.364029029343232,0,45.6742349451645,0.05,0.05232491057761188,63.60146753343397,1.85630881253784,43.81792613262666,121.39261191841783,43.81792613262667
100882,21,M,High School,Single,$40k - $60k,46000,2016-07-31,5,5900,0.17852421976282495,691.0,1,0,1,0,902.6997148181237,29735.68037056047,0.623901360534264,21.065857932013348,0,18.51286665139502,0,39.578724583408366,0.05,0.052052095118636864,54.82610204164247,-8.775365491791497,48.35409007519986,169.7467019936177,48.35409007519988
100882,21,M,High School,Single,$40k - $60k,46000,2016-08-31,6,5900,0.21743932970344546,690.0,1,0,1,1,1099.472223849019,29364.757290617483,0.7055176562470533,25.657840905006566,30,0.0,0,55.657840905006566,0.15,0.1524450322938746,195.5705192677411,140.74441722609862,-85.08657632109205,84.66012567252565,-85.08657632109205
100882,21,M,High School,Single,$40k - $60k,46000,2016-09-30,7,5900,0.17514622688949485,691.0,1,0,1,0,885.61904527388,28566.127853524216,0.611167870575367,20.66725477296039,0,18.162570586825158,0,38.829825359785545,0.05,0.05201233768569133,53.74761171437159,-141.82290755336953,180.6527329131551,265.3128585856807,180.65273291315506
100882,21,M,High School,Single,$40k - $60k,46000,2016-10-31,8,5900,0.21083146838562206,690.0,1,0,1,0,1066.0598692952142,28128.38006447362,0.705638935386024,24.8781132695034,0,21.863111152796016,0,46.74122442229942,0.05,0.052392290682471004,65.17106710236307,11.423455387991481,35.317769034307936,300.6306276199887,35.31776903430796
100882,21,M,High School,Single,$40k - $60k,46000,2016-11-30,9,5900,0.20995129194656723,690.0,1,0,1,0,1061.6092965853602,27681.731130003314,0.7039549535078724,24.77425244969493,0,21.771837324138094,0,46.546089773833025,0.05,0.05238356528908041,64.88818353433774,-0.2828835680253263,46.82897334185835,347.459600961847,46.82897334185833
100882,21,M,High School,Single,$40k - $60k,46000,2016-12-31,10,5900,0.21569218992633804,690.0,1,0,1,0,1090.6378898822468,27293.139382126785,0.7204679569202688,25.45167841130789,0,22.36716539166841,0,47.8188438029763,0.05,0.05244600547633098,66.74194326706342,1.8537597327256776,45.965084070250626,393.4246850320976,45.96508407025061
100882,22,M,High School,Single,$40k - $60k,46000,2017-01-31,11,5900,0.17704866862563776,691.0,1,0,1,0,895.2386566350489,26513.749167755857,0.6234938106474069,20.891742897825257,0,18.359852783157127,0,39.25159568098238,0.05,0.05203988315965251,54.360192970216325,-12.381750296847095,51.63334597782948,445.0580310099271,51.63334597782949
100882,22,M,High School,Single,$40k - $60k,46000,2017-02-28,12,5900,0.21066902407708948,690.0,1,0,1,0,1065.238476930744,26074.35859397632,0.6940529126760598,24.85894484109656,0,21.846265764388008,100,146.70521060548458,0.05,0.05237940510529278,65.10483711609623,10.74464414587991,135.96056645960468,581.0185974695318,135.96056645960465
100882,22,M,High School,Single,$40k - $60k,46000,2017-03-31,13,5900,0.21866875135902294,690.0,2,1,3,0,1105.688739341177,26821.557284358827,1.0169280964198788,25.80291266036471,0,22.675833229321974,0,48.478745889686685,0.05,0.052766278107292064,68.07618327074857,2.9713461546523376,45.50739973503435,626.5259972045661,45.50739973503437
100882,22,M,High School,Single,$40k - $60k,46000,2017-04-30,14,5900,0.311083856605303,685.0,2,1,3,0,1572.9815764785362,28970.63448615341,1.3838398048761205,36.70789507942576,0,32.25923049761398,0,68.96712557703974,0.05,0.053872510657718545,98.87732344443891,30.801140173690342,38.165985403349396,664.6919826079155,38.165985403349396
100882,22,M,High School,Single,$40k - $60k,46000,2017-05-31,15,5900,0.4100461319247046,680.0,2,1,3,0,2073.3798856113726,32620.906615346503,1.7738959521642883,48.385443567115146,0,42.52156582074657,0,90.9070093878617,0.05,0.05505426500756193,133.19125163261947,34.313928188180554,56.59308119968115,721.2850638075967,56.59308119968114
100882,22,M,High School,Single,$40k - $60k,46000,2017-06-30,16,5900,0.6162365773833876,670.0,3,2,3,1,3115.972630512047,39398.956979241615,2.580541853650855,72.71591613123972,30,0.0,0,102.71591613123972,0.15,0.15751043447271795,572.6757771456645,439.484525513045,-336.7686093818053,384.5164544257914,-336.7686093818053
100882,22,M,High School,Single,$40k - $60k,46000,2017-07-31,17,5900,0.9,660.0,3,2,3,2,4550.809657175087,50481.51842312585,3.6968050971443573,27.532102987818934,30,0.0,0,57.53210298781893,0.4,0.4108968050971444,2181.862035065837,1609.1862579201725,-1551.6541549323535,-1167.1377005065622,-1551.6541549323535
100882,22,M,High School,Single,$40k - $60k,46000,2017-08-31,18,5900,0.9050198549617546,655.0,3,3,4,3,4576.1923287723885,61640.227881802,3.734289291994775,0.0,30,0.0,0,30.0,0.65,0.6609744481316888,3529.3504951712443,1347.4884601054073,-1317.4884601054073,-2484.6261606119697,-1317.4884601054075
100882,22,M,High School,Single,$40k - $60k,46000,2017-09-30,19,5900,0.9173481783122871,655.0,3,3,4,4,4576.1923287723885,72798.93734047815,3.7134879177487288,0.0,0,0.0,0,0.0,0.72,0.731052273344247,3956.7138801000665,427.36338492882214,-427.36338492882214,-2911.989545540792,-427.36338492882214
100882,22,M,High School,Single,$40k - $60k,46000,2017-10-31,20,5900,0.9252978876377264,655.0,3,3,4,5,4576.1923287723885,83957.64679915429,3.730434416694327,0.0,0,0.0,0,0.0,0.8,0.8111328175177962,4428.18294759284,471.4690674927733,-471.4690674927733,-3383.458613033565,-471.4690674927733
100882,22,M,High School,Single,$40k - $60k,46000,2017-11-30,21,5900,0.935533830223796,655.0,3,3,4,6,4576.1923287723885,95116.35625783043,3.722423069460134,0.0,0,0.0,0,0.0,0.84,0.8512066937112505,4698.3626850309365,270.1797374380967,-270.1797374380967,-3653.638350471662,-270.1797374380967
100882,22,M,High School,Single,$40k - $60k,46000,2017-12-31,22,5900,0.9479374558421374,655.0,3,3,4,7,4576.1923287723885,106275.06571650656,3.7317835599868108,0.0,0,0.0,0,0.0,0.86,0.8713152832067239,4873.119117516185,174.7564324852483,-174.7564324852483,-3828.39478295691,-174.7564324852483
