Customer ID,Customer Age,Gender,Education,Marital Status,Income Category,Income Numeric,Snapshot Month,Month on Book,Credit_Limit,Utilization,FICO,external_bank_credit_card_max_util_greater_than_50,external_bank_credit_card_max_util_greater_than_90,Credit_Inquiries,Delinquency,Revolving_Bal,Total_Debt,Debt_to_Income_Ratio,Interchange Fee,Late_Fee_Revenue,Monthly_Interest_Revenue,Annual_Fee,Total Revenue,Delinquency_Weight,ECL Ratio,ECL,ECL MoM Charge,Profit,Cumulative Profit,MoM Cumulative Profit Change,
100872,21,M,High School,Single,$40k - $60k,46000,1/31/2023,1,6100,0.207793429,690,1,0,1,0,1068.252056,31407.50165,0.699042022,25.35079828,0,21.90806925,0,47.25886754,0.05,0.052361389,66.37015109,66.37015109,-19.11128355,-19.11128355,-19.11128355,
100872,21,M,High School,Single,$40k - $60k,46000,2/28/2023,2,6100,0.172420578,692,1,0,1,0,886.402607,30598.08215,0.613381245,21.03531049,0,18.17864013,0,39.21395063,0.05,0.051992746,54.68417764,-11.68597345,50.89992408,31.78864052,50.89992408,
100872,21,M,High School,Single,$40k - $60k,46000,3/31/2023,3,6100,0.208442456,690,1,0,1,0,1071.588665,30159.03477,0.71178616,25.42997968,0,21.97649753,0,47.40647721,0.05,0.052379326,66.60025955,11.91608191,35.4903953,67.27903582,35.4903953,
100872,21,M,High School,Single,$40k - $60k,46000,4/30/2023,4,6100,0.201108785,690,1,0,1,0,1033.886751,29644.58357,0.679003247,24.53527173,0,21.20329412,0,45.73856585,0.05,0.052287874,64.14485926,-2.455400288,48.19396614,115.473002,48.19396614,
100872,21,M,High School,Single,$40k - $60k,46000,5/31/2023,5,6100,0.191716915,691,1,0,1,0,985.6037783,29033.56642,0.655246187,23.38946359,0,20.21309082,0,43.60255441,0.05,0.052188982,61.03361413,-3.111245129,46.71379954,162.1868015,46.71379954,
100872,21,M,High School,Single,$40k - $60k,46000,6/30/2023,6,6100,0.21632601,690,1,0,1,0,1112.117485,28675.57668,0.720836042,26.39177325,0,22.80767609,0,49.19944934,0.05,0.052451444,69.21433099,8.180716859,41.01873248,203.205534,41.01873248,
100872,21,M,High School,Single,$40k - $60k,46000,7/31/2023,7,6100,0.229694715,689,1,0,1,1,1180.8451,28455.04217,0.769481826,28.02275528,30,0,0,58.02275528,0.15,0.15260704,213.8234861,144.6091552,-86.58639988,116.6191341,-86.58639988,
100872,21,M,High School,Single,$40k - $60k,46000,8/31/2023,8,6100,0.227922098,689,1,0,1,0,1171.732195,28216.28186,0.75083525,27.80649599,0,24.03027443,0,51.83677043,0.05,0.052574212,73.09523082,-140.7282553,192.5650258,309.1841599,192.5650258,
100872,21,M,High School,Single,$40k - $60k,46000,9/30/2023,9,6100,0.2232825,690,1,0,1,0,1147.880334,27929.81782,0.739966191,27.24046505,0,23.54111252,0,50.78157757,0.05,0.052526226,71.54194144,-1.553289375,52.33486694,361.5190268,52.33486694,
100872,21,M,High School,Single,$40k - $60k,46000,10/31/2023,10,6100,0.213557257,690,1,0,1,0,1097.883512,27543.36013,0.712698949,26.05398537,0,22.51576102,0,48.5697464,0.05,0.052421157,68.2890029,-3.252938546,51.82268494,413.3417117,51.82268494,
100872,22,M,High School,Single,$40k - $60k,46000,11/30/2023,11,6100,0.225028131,689,1,0,1,0,1156.854504,27274.84443,0.75555459,27.453432,0,23.72515779,0,51.1785898,0.05,0.05255578,72.14182613,3.852823231,47.32576656,460.6674783,47.32576656,
100872,22,M,High School,Single,$40k - $60k,46000,12/31/2023,12,6100,0.208363742,690,1,0,1,0,1071.183997,26834.98772,0.704438772,25.42037647,0,21.96819847,100,147.3885749,0.05,0.052371349,66.56497002,-5.576856114,152.9654311,613.6329094,152.9654311,
100872,22,M,High School,Single,$40k - $60k,46000,1/31/2024,13,6100,0.219742135,690,2,1,3,0,1129.679555,27641.80168,1.029650854,26.80854051,0,23.16784487,0,49.97638538,0.05,0.052787588,70.75790947,4.192939456,45.78344592,659.4163553,45.78344592,
100872,22,M,High School,Single,$40k - $60k,46000,2/29/2024,14,6100,0.317660627,685,2,1,3,0,1633.071942,29958.7928,1.415407509,38.75459649,0,33.49158375,0,72.24618024,0.05,0.053956693,104.5534923,33.79558287,38.45059737,697.8669527,38.45059737,
100872,22,M,High School,Single,$40k - $60k,46000,3/31/2024,15,6100,0.41905454,680,2,1,3,0,2154.331239,33839.5618,1.831283624,51.12465392,0,44.18174316,0,95.30639708,0.05,0.05518372,141.0624292,36.50893688,58.7974602,756.6644129,58.7974602,
100872,22,M,High School,Single,$40k - $60k,46000,4/30/2024,16,6100,0.617451159,670,3,2,3,1,3174.274925,40780.16187,2.64019622,75.32904135,30,0,0,105.3290413,0.15,0.157579805,593.5167841,452.4543549,-347.1253136,409.5390993,-347.1253136,
100872,22,M,High School,Single,$40k - $60k,46000,5/31/2024,17,6100,0.9,660,3,2,3,2,4626.839536,52078.45577,3.759919529,27.87952955,30,0,0,57.87952955,0.4,0.41095992,2256.169958,1662.653174,-1604.773645,-1195.234545,-1604.773645,
100872,22,M,High School,Single,$40k - $60k,46000,6/30/2024,18,6100,0.906206324,640,3,3,4,3,4658.745833,63472.46856,3.794447417,0.037359757,30,0,0,30.03735976,0.65,0.661044098,3654.158288,1397.98833,-1367.950971,-2563.185516,-1367.950971,
100872,22,M,High School,Single,$40k - $60k,46000,7/31/2024,19,6100,0.91511936,620,3,3,4,4,4658.745833,74866.48135,3.794717116,0,0,0,0,0,0.72,0.731115672,4081.254445,427.0961564,-427.0961564,-2990.281672,-427.0961564,
100872,22,M,High School,Single,$40k - $60k,46000,8/31/2024,20,6100,0.925342431,600,3,3,4,5,4658.745833,86260.49415,3.788823905,0,0,0,0,0,0.8,0.811191563,4578.842835,497.5883905,-497.5883905,-3487.870063,-497.5883905,
100872,22,M,High School,Single,$40k - $60k,46000,9/30/2024,21,6100,0.93776616,580,3,3,4,6,4658.745833,97654.50694,3.776996367,0,0,0,0,0,0.84,0.851279126,4869.634618,290.7917823,-290.7917823,-3778.661845,-290.7917823,
100872,22,M,High School,Single,$40k - $60k,46000,10/31/2024,22,6100,0.94895613,550,3,3,4,7,4658.745833,109048.5197,3.789622097,0,0,0,0,0,0.86,0.871381271,5044.105852,174.471234,-174.471234,-3953.133079,-174.471234,
100873,21,M,High School,Single,$40k - $60k,46000,1/31/2023,1,5900,0.1989911,690,1,0,1,0,1000.391782,32551.22421,0.660496653,23.48094986,0,20.51636814,0,43.99731799,0.05,0.052252425,61.3468291,61.3468291,-17.34951111,-17.34951111,-17.34951111,
100873,21,M,High School,Single,$40k - $60k,46000,2/28/2023,2,5900,0.17429297,692,1,0,1,0,876.2263987,31896.18764,0.611519469,20.56657051,0,17.96994306,0,38.53651357,0.05,0.052005863,53.47911266,-7.867716442,46.40423001,29.05471891,46.40423001,
100873,21,M,High School,Single,$40k - $60k,46000,3/31/2023,3,5900,0.215158661,690,1,0,1,1,1081.671272,31652.04081,0.713464801,25.38872204,30,0,0,55.38872204,0.15,0.152434734,193.5061547,140.027042,-84.63831998,-55.58360107,-84.63831998,
100873,21,M,High School,Single,$40k - $60k,46000,4/30/2023,4,5900,0.215019343,690,1,0,1,0,1080.970872,31406.49318,0.699288885,25.37228242,0,22.16891096,0,47.54119337,0.05,0.052419444,66.50004639,-127.0061083,174.5473017,118.9637006,174.5473017,
100873,21,M,High School,Single,$40k - $60k,46000,5/31/2023,5,5900,0.202913299,691,1,0,1,0,1020.109925,31039.22366,0.671074673,23.94376924,0,20.92075438,0,44.86452362,0.05,0.052294381,62.60622965,-3.89381674,48.75834036,167.722041,48.75834036,
100873,21,M,High School,Single,$40k - $60k,46000,6/30/2023,6,5900,0.201906141,690,1,0,1,0,1015.046622,30661.82754,0.684575901,23.82492464,0,20.81691446,0,44.6418391,0.05,0.052299825,62.30196949,-0.304260157,44.94609926,212.6681402,44.94609926,
100873,21,M,High School,Single,$40k - $60k,46000,7/31/2023,7,5900,0.206271833,689,1,0,1,0,1036.994351,30328.32687,0.680650075,24.34007635,0,21.26702582,0,45.60710217,0.05,0.052330825,63.68681348,1.384843989,44.22225818,256.8903984,44.22225818,
100873,21,M,High School,Single,$40k - $60k,46000,8/31/2023,8,5900,0.203399153,689,1,0,1,0,1022.55247,29965.94244,0.67982687,24.00110007,0,20.97084691,0,44.97194698,0.05,0.05230702,62.77130118,-0.915512303,45.88745928,302.7778577,45.88745928,
100873,21,M,High School,Single,$40k - $60k,46000,9/30/2023,9,5900,0.200933568,690,1,0,1,0,1010.157185,29578.76744,0.673370189,23.71016098,0,20.71664026,0,44.42680124,0.05,0.052280839,61.97935512,-0.791946059,45.2187473,347.996605,45.2187473,
100873,21,M,High School,Single,$40k - $60k,46000,10/31/2023,10,5900,0.203908451,690,1,0,1,0,1025.112872,29221.50381,0.665934687,24.06119718,0,21.02335648,0,45.08455366,0.05,0.052297202,62.91666482,0.937309706,44.14724395,392.1438489,44.14724395,
100873,22,M,High School,Single,$40k - $60k,46000,11/30/2023,11,5900,0.204698104,689,1,0,1,0,1029.082712,28872.17987,0.668931455,24.15437631,0,21.10477129,0,45.2591476,0.05,0.052306516,63.17156389,0.25489907,45.00424853,437.1480975,45.00424853,
100873,22,M,High School,Single,$40k - $60k,46000,12/31/2023,12,5900,0.185153971,690,1,0,1,0,930.8281139,28326.34672,0.641141913,21.84816854,0,19.08973324,100,140.9379018,0.05,0.052122374,56.93892024,-6.232643658,147.1705454,584.3186429,147.1705454,
100873,22,M,High School,Single,$40k - $60k,46000,1/31/2024,13,5900,0.218312519,690,2,1,3,0,1097.526719,29211.43751,0.98960777,25.76087721,0,22.5084438,0,48.26932101,0.05,0.052736108,67.92642002,10.98749979,37.28182122,621.6004641,37.28182122,
100873,22,M,High School,Single,$40k - $60k,46000,2/29/2024,14,5900,0.318497205,685,2,1,3,0,1601.187116,31607.50949,1.393332488,37.58267016,0,32.83767911,0,70.42034926,0.05,0.05394131,101.3629233,33.43650329,36.98384597,658.5843101,36.98384597,
100873,22,M,High School,Single,$40k - $60k,46000,3/31/2024,15,5900,0.415417075,680,2,1,3,0,2088.434244,35465.32285,1.770859871,49.0192149,0,42.83030562,0,91.84952052,0.05,0.055094196,135.0337128,33.67078952,58.178731,716.7630411,58.178731,
100873,22,M,High School,Single,$40k - $60k,46000,4/30/2024,16,5900,0.614131127,670,3,2,3,1,3087.433216,42320.13313,2.56631187,72.46747304,30,0,0,102.467473,0.15,0.157479361,570.606567,435.5728542,-333.1053811,383.65766,-333.1053811,
100873,22,M,High School,Single,$40k - $60k,46000,5/31/2024,17,5900,0.9,660,3,2,3,2,4524.587291,53486.40563,3.688439795,27.57751268,30,0,0,57.57751268,0.4,0.41088844,2181.817615,1611.211048,-1553.633536,-1169.975876,-1553.633536,
100873,22,M,High School,Single,$40k - $60k,46000,6/30/2024,18,5900,0.90654738,640,3,3,4,3,4557.50306,64751.42544,3.708532919,0.057143465,30,0,0,30.05714347,0.65,0.660960912,3535.23506,1353.417444,-1323.360301,-2493.336177,-1323.360301,
100873,22,M,High School,Single,$40k - $60k,46000,7/31/2024,19,5900,0.917943849,620,3,3,4,4,4557.50306,76016.44525,3.711285592,0,0,0,0,0,0.72,0.731054836,3959.297013,424.0619536,-424.0619536,-2917.39813,-424.0619536,
100873,22,M,High School,Single,$40k - $60k,46000,8/31/2024,20,5900,0.926046131,600,3,3,4,5,4557.50306,87281.46506,3.711167502,0,0,0,0,0,0.8,0.811119537,4431.69124,472.3942264,-472.3942264,-3389.792357,-472.3942264,
100873,22,M,High School,Single,$40k - $60k,46000,9/30/2024,21,5900,0.936173412,580,3,3,4,6,4557.50306,98546.48487,3.72044057,0,0,0,0,0,0.84,0.851209828,4701.592053,269.9008128,-269.9008128,-3659.693169,-269.9008128,
100873,22,M,High School,Single,$40k - $60k,46000,10/31/2024,22,5900,0.948268657,550,3,3,4,7,4557.50306,109811.5047,3.698659217,0,0,0,0,0,0.86,0.871284808,4874.651242,173.0591898,-173.0591898,-3832.752359,-173.0591898,
100874,21,M,High School,Single,$40k - $60k,46000,1/31/2023,1,5400,0.212782993,690,1,0,1,0,982.2764575,31391.17919,0.664775496,22.98056329,0,20.14485302,0,43.1254163,0.05,0.052367039,60.1712032,60.1712032,-17.0457869,-17.0457869,-17.0457869,
100874,21,M,High School,Single,$40k - $60k,46000,2/28/2023,2,5400,0.211341035,692,1,0,1,0,975.6199019,30755.85332,0.649635781,22.82483178,0,20.00833816,0,42.83316993,0.05,0.052340364,59.73300024,-0.438202963,43.2713729,26.22558599,43.2713729,
100874,21,M,High School,Single,$40k - $60k,46000,3/31/2023,3,5400,0.214488826,690,1,0,1,0,990.1511435,30149.58994,0.670758291,23.16479321,0,20.3063497,0,43.47114292,0.05,0.052386669,60.67631761,0.943317371,42.52782554,68.75341154,42.52782554,
100874,21,M,High School,Single,$40k - $60k,46000,4/30/2023,4,5400,0.205446077,690,1,0,1,0,948.4068328,29459.83794,0.627632608,22.18817633,0,19.45024346,0,41.63841979,0.05,0.052271201,57.99013149,-2.686186126,44.32460592,113.0780175,44.32460592,
100874,21,M,High School,Single,$40k - $60k,46000,5/31/2023,5,5400,0.229831753,691,1,0,1,1,1060.979155,28995.23058,0.686409916,24.82182936,30,0,0,54.82182936,0.15,0.152525064,189.2975555,131.307424,-76.48559465,36.5924228,-76.48559465,
100874,21,M,High School,Single,$40k - $60k,46000,6/30/2023,6,5400,0.194958699,690,1,0,1,0,899.9936384,28208.65219,0.600773492,21.05553952,0,18.45736953,0,39.51290905,0.05,0.052160443,54.91331353,-134.384242,173.897151,210.4895738,173.897151,
100874,21,M,High School,Single,$40k - $60k,46000,7/31/2023,7,5400,0.17833561,689,1,0,1,0,823.255976,27268.59847,0.562884949,19.26024584,0,16.88360797,0,36.14385382,0.05,0.05198957,50.06659481,-4.846718721,40.99057254,251.4801464,40.99057254,
100874,21,M,High School,Single,$40k - $60k,46000,8/31/2023,8,5400,0.17949111,689,1,0,1,0,828.5901464,26339.21309,0.585642102,19.38503988,0,16.99300292,0,36.3780428,0.05,0.052021571,50.4220114,0.355416593,36.0226262,287.5027726,36.0226262,
100874,21,M,High School,Single,$40k - $60k,46000,9/30/2023,9,5400,0.178730977,690,1,0,1,0,825.0811216,25402.80967,0.572968913,19.30294551,0,16.92103867,0,36.22398418,0.05,0.052002817,50.19037688,-0.231634523,36.4556187,323.9583913,36.4556187,
100874,21,M,High School,Single,$40k - $60k,46000,10/31/2023,10,5400,0.185817631,690,1,0,1,0,857.7954554,24531.83491,0.588020772,20.06830419,0,17.59195513,0,37.66025932,0.05,0.052074562,52.25240737,2.062030491,35.59822883,359.5566201,35.59822883,
100874,22,M,High School,Single,$40k - $60k,46000,11/30/2023,11,5400,0.191616747,689,1,0,1,0,884.5660842,23714.40141,0.602726199,20.69460866,0,18.14097611,0,38.83558477,0.05,0.05213566,53.94635422,1.69394685,37.14163792,396.698258,37.14163792,
100874,22,M,High School,Single,$40k - $60k,46000,12/31/2023,12,5400,0.222665927,690,1,0,1,0,1027.899338,23183.63441,0.685735645,24.04792012,0,21.08050225,100,145.1284224,0.05,0.052467063,63.08618708,9.139832861,135.9885895,532.6868475,135.9885895,
100874,22,M,High School,Single,$40k - $60k,46000,1/31/2024,13,5400,0.219122493,690,2,1,3,0,1011.541676,23631.69377,0.935592061,23.6652292,0,20.74503388,0,44.41026308,0.05,0.052688572,62.34435664,-0.741830436,45.15209352,577.838941,45.15209352,
100874,22,M,High School,Single,$40k - $60k,46000,2/29/2024,14,5400,0.310354834,685,2,1,3,0,1432.700247,25343.22885,1.26137685,33.51832211,0,29.38229424,0,62.90061634,0.05,0.053744216,90.07079637,27.72643973,35.17417661,613.0131177,35.17417661,
100874,22,M,High School,Single,$40k - $60k,46000,3/31/2024,15,5400,0.411815867,680,2,1,3,0,1901.077828,28459.89666,1.629688505,44.47611363,0,38.98793779,0,83.46405141,0.05,0.054924215,122.1407823,32.06998597,51.39406544,664.4071831,51.39406544,
100874,22,M,High School,Single,$40k - $60k,46000,4/30/2024,16,5400,0.614222827,670,3,2,3,1,2835.455094,34379.69627,2.364925568,66.33606532,30,0,0,96.33606532,0.15,0.157278708,521.6625329,399.5217506,-303.1856853,361.2214978,-303.1856853,
100874,22,M,High School,Single,$40k - $60k,46000,5/31/2024,17,5400,0.9,660,3,2,3,2,4154.696753,44257.22086,3.382553389,25.26665616,30,0,0,55.26665616,0.4,0.410582553,1995.431209,1473.768677,-1418.50202,-1057.280523,-1418.50202,
100874,22,M,High School,Single,$40k - $60k,46000,6/30/2024,18,5400,0.905253175,640,3,3,4,3,4178.947142,54207.49662,3.423909039,0,30,0,0,30,0.65,0.660665934,3229.577648,1234.146439,-1204.146439,-2261.426962,-1204.146439,
100874,22,M,High School,Single,$40k - $60k,46000,7/31/2024,19,5400,0.915057297,620,3,3,4,4,4178.947142,64157.77237,3.41643499,0,0,0,0,0,0.72,0.730736893,3610.797081,381.2194328,-381.2194328,-2642.646394,-381.2194328,
100874,22,M,High School,Single,$40k - $60k,46000,8/31/2024,20,5400,0.927207182,600,3,3,4,5,4178.947142,74108.04813,3.422711476,0,0,0,0,0,0.8,0.810840369,4059.811871,449.0147896,-449.0147896,-3091.661184,-449.0147896,
100874,22,M,High School,Single,$40k - $60k,46000,9/30/2024,21,5400,0.93706325,580,3,3,4,6,4178.947142,84058.32389,3.408372414,0,0,0,0,0,0.84,0.850904878,4305.699131,245.8872603,-245.8872603,-3337.548444,-245.8872603,
100874,22,M,High School,Single,$40k - $60k,46000,10/31/2024,22,5400,0.946868597,550,3,3,4,7,4178.947142,94008.59964,3.407247467,0,0,0,0,0,0.86,0.870982196,4453.410725,147.7115936,-147.7115936,-3485.260038,-147.7115936,
100875,21,M,High School,Single,$40k - $60k,46000,1/31/2023,1,5500,0.219130546,690,1,0,1,0,1032.29965,32979.3756,0.683051643,24.1043601,0,21.17074532,0,45.27510542,0.05,0.052436096,63.19692703,63.19692703,-17.92182161,-17.92182161,-17.92182161,
100875,21,M,High School,Single,$40k - $60k,46000,2/28/2023,2,5500,0.182381911,692,1,0,1,0,859.1809137,32270.84012,0.600583572,20.06201023,0,17.62036857,0,37.6823788,0.05,0.052059639,52.22105037,-10.97587666,48.65825547,30.73643386,48.65825547,
100875,21,M,High School,Single,$40k - $60k,46000,3/31/2023,3,5500,0.176804011,690,1,0,1,0,832.904047,31509.75092,0.5686379,19.44844124,0,17.08147383,0,36.52991507,0.05,0.05198307,50.5494841,-1.671566272,38.20148134,68.93791519,38.20148134,
100875,21,M,High School,Single,$40k - $60k,46000,4/30/2023,4,5500,0.206094142,690,1,0,1,0,970.8865991,31024.62681,0.646652302,22.67035565,0,19.911266,0,42.58162165,0.05,0.052295405,59.27777201,8.728287912,33.85333374,102.7912489,33.85333374,
100875,21,M,High School,Single,$40k - $60k,46000,5/31/2023,5,5500,0.213200554,691,1,0,1,0,1004.364117,30606.45774,0.680028948,23.45206099,0,20.5978341,0,44.04989509,0.05,0.052385633,61.42755345,2.149781438,41.90011365,144.6913626,41.90011365,
100875,21,M,High School,Single,$40k - $60k,46000,6/30/2023,6,5500,0.188569519,690,1,0,1,0,888.3300477,29956.22054,0.618803651,20.74264712,0,18.21816873,0,38.96081584,0.05,0.05212736,54.06297148,-7.364581969,46.32539781,191.0167604,46.32539781,
100875,21,M,High School,Single,$40k - $60k,46000,7/31/2023,7,5500,0.210406835,689,1,0,1,0,991.2032161,29511.72967,0.65457089,23.14475187,0,20.32792596,0,43.47267783,0.05,0.052337826,60.56729932,6.504327836,36.96834999,227.9851104,36.96834999,
100875,21,M,High School,Single,$40k - $60k,46000,8/31/2023,8,5500,0.174356151,689,1,0,1,0,821.3724502,28727.57727,0.571854271,19.17917662,0,16.84498,0,36.02415662,0.05,0.051966703,49.83392923,-10.73337008,46.75752671,274.7426371,46.75752671,
100875,21,M,High School,Single,$40k - $60k,46000,9/30/2023,9,5500,0.18371463,690,1,0,1,0,865.4592051,28031.59837,0.584122969,20.20860933,0,17.74912586,0,37.95773519,0.05,0.05205384,52.59678584,2.762856603,35.19487859,309.9375157,35.19487859,
100875,21,M,High School,Single,$40k - $60k,46000,10/31/2023,10,5500,0.210195315,690,1,0,1,0,990.2067675,27585.11461,0.64789275,23.12148464,0,20.30749046,0,43.42897509,0.05,0.052329455,60.49673481,7.89994897,35.52902612,345.4665418,35.52902612,
100875,22,M,High School,Single,$40k - $60k,46000,11/30/2023,11,5500,0.227148999,689,1,0,1,1,1070.073691,27298.36469,0.711359612,24.98638994,30,0,0,54.98638994,0.15,0.152528552,190.5568934,130.0601585,-75.07376861,270.3927732,-75.07376861,
100875,22,M,High School,Single,$40k - $60k,46000,12/31/2023,12,5500,0.180644788,690,1,0,1,0,850.9975217,26573.46243,0.577755172,19.87092673,0,17.45254084,100,137.3234676,0.05,0.052022913,51.6871751,-138.8697182,276.1931858,546.585959,276.1931858,
100875,22,M,High School,Single,$40k - $60k,46000,1/31/2024,13,5500,0.213319737,690,2,1,3,0,1004.925573,27161.34185,0.930532677,23.46517108,0,20.60934863,0,44.07451971,0.05,0.052637091,61.75691677,10.06974167,34.00477804,580.5907371,34.00477804,
100875,22,M,High School,Single,$40k - $60k,46000,2/29/2024,14,5500,0.312344133,685,2,1,3,0,1471.418498,29148.70004,1.282915274,34.35785465,0,30.17634102,0,64.53419567,0.05,0.053781668,92.39113718,30.63422041,33.89997526,614.4907123,33.89997526,
100875,22,M,High School,Single,$40k - $60k,46000,3/31/2024,15,5500,0.415115395,680,2,1,3,0,1955.562488,32588.4902,1.685333615,45.66269341,0,40.10532737,0,85.76802078,0.05,0.055006257,125.5866919,33.19555475,52.57246603,667.0631783,52.57246603,
100875,22,M,High School,Single,$40k - $60k,46000,4/30/2024,16,5500,0.610620801,670,3,2,3,1,2876.566729,38791.29309,2.40297292,67.16828809,30,0,0,97.16828809,0.15,0.157287939,528.2380811,402.6513892,-305.4831011,361.5800773,-305.4831011,
100875,22,M,High School,Single,$40k - $60k,46000,5/31/2024,17,5500,0.9,660,3,2,3,2,4239.799975,49083.79571,3.472403295,26.12880664,30,0,0,56.12880664,0.4,0.410672403,2032.828396,1504.590315,-1448.461509,-1086.881431,-1448.461509,
100875,22,M,High School,Single,$40k - $60k,46000,6/30/2024,18,5500,0.905687854,640,3,3,4,3,4266.594823,59456.68288,3.470149764,0,30,0,0,30,0.65,0.660715653,3291.211779,1258.383382,-1228.383382,-2315.264814,-1228.383382,
100875,22,M,High School,Single,$40k - $60k,46000,7/31/2024,19,5500,0.91890784,620,3,3,4,4,4266.594823,69829.57004,3.470863273,0,0,0,0,0,0.72,0.730822126,3693.569998,402.3582197,-402.3582197,-2717.623033,-402.3582197,
100875,22,M,High School,Single,$40k - $60k,46000,8/31/2024,20,5500,0.926389974,600,3,3,4,5,4266.594823,80202.45721,3.492182976,0,0,0,0,0,0.8,0.810903303,4131.669791,438.0997922,-438.0997922,-3155.722826,-438.0997922,
100875,22,M,High School,Single,$40k - $60k,46000,9/30/2024,21,5500,0.937287604,580,3,3,4,6,4266.594823,90575.34438,3.48872378,0,0,0,0,0,0.84,0.850987025,4386.90774,255.2379498,-255.2379498,-3410.960775,-255.2379498,
100875,22,M,High School,Single,$40k - $60k,46000,10/31/2024,22,5500,0.947105973,550,3,3,4,7,4266.594823,100948.2315,3.476171434,0,0,0,0,0,0.86,0.871053019,4537.387344,150.4796035,-150.4796035,-3561.440379,-150.4796035,
100876,21,M,High School,Single,$40k - $60k,46000,1/31/2023,1,6000,0.1770045,690,1,0,1,0,909.5348916,32681.82235,0.617839083,21.24053999,0,18.65304473,0,39.89358473,0.05,0.052033875,55.26138023,55.26138023,-15.36779551,-15.36779551,-15.36779551,
100876,21,M,High School,Single,$40k - $60k,46000,2/28/2023,2,6000,0.173913541,692,1,0,1,0,893.6520459,31977.63121,0.609321369,20.8696249,0,18.32731404,0,39.19693894,0.05,0.05200063,54.26168182,-0.999698417,40.19663736,24.82884185,40.19663736,
100876,21,M,High School,Single,$40k - $60k,46000,3/31/2023,3,6000,0.205615277,690,1,0,1,0,1056.55093,31599.23784,0.683419848,24.67383328,0,21.66809865,0,46.34193192,0.05,0.052328342,64.55703939,10.29535757,36.04657435,60.8754162,36.04657435,
100876,21,M,High School,Single,$40k - $60k,46000,4/30/2023,4,6000,0.20329446,690,1,0,1,0,1044.625445,31196.9935,0.687585094,24.39533519,0,21.42352684,0,45.81886202,0.05,0.052313941,63.810806,-0.746233381,46.5650954,107.4405116,46.5650954,
100876,21,M,High School,Single,$40k - $60k,46000,5/31/2023,5,6000,0.213139672,691,1,0,1,0,1095.214916,30895.9281,0.710900916,25.57676065,0,22.46103257,0,48.03779321,0.05,0.052416018,67.03159769,3.220791687,44.81700152,152.2575131,44.81700152,
100876,21,M,High School,Single,$40k - $60k,46000,6/30/2023,6,6000,0.213330254,690,1,0,1,0,1096.19422,30596.82131,0.703385978,25.59963052,0,22.48111646,0,48.08074698,0.05,0.052410028,67.08386763,0.052269938,48.02847704,200.2859902,48.02847704,
100876,21,M,High School,Single,$40k - $60k,46000,7/31/2023,7,6000,0.191964725,689,1,0,1,0,986.4077781,30078.14164,0.658343644,23.03576702,0,20.22957952,0,43.26534654,0.05,0.052194061,60.11651197,-6.967355661,50.2327022,250.5186924,50.2327022,
100876,21,M,High School,Single,$40k - $60k,46000,8/31/2023,8,6000,0.2216997,689,1,0,1,1,1139.200489,29865.04739,0.749645442,26.60396405,30,0,0,56.60396405,0.15,0.152523243,202.8861437,142.7696317,-86.16566769,164.3530247,-86.16566769,
100876,21,M,High School,Single,$40k - $60k,46000,9/30/2023,9,6000,0.195227623,690,1,0,1,0,1003.174128,29379.90041,0.672645301,23.42731477,0,20.57342942,0,44.00074418,0.05,0.052234466,61.18566416,-141.7004795,185.7012237,350.0542484,185.7012237,
100876,21,M,High School,Single,$40k - $60k,46000,10/31/2023,10,6000,0.20456376,690,1,0,1,0,1051.147722,28990.70063,0.688920464,24.54765116,0,21.55728787,0,46.10493903,0.05,0.052325431,64.22332079,3.037656622,43.06728241,393.1215308,43.06728241,
100876,22,M,High School,Single,$40k - $60k,46000,11/30/2023,11,6000,0.201686109,689,1,0,1,0,1036.36096,28571.92732,0.687229347,24.2023331,0,21.25403601,0,45.45636911,0.05,0.052300718,63.28997018,-0.93335061,46.38971972,439.5112505,46.38971972,
100876,22,M,High School,Single,$40k - $60k,46000,12/31/2023,12,6000,0.204043571,690,1,0,1,0,1048.47474,28177.38157,0.681092518,24.4852285,0,21.50246946,100,145.987698,0.05,0.052313441,64.04532793,0.755357756,145.2323402,584.7435907,145.2323402,
100876,22,M,High School,Single,$40k - $60k,46000,1/31/2024,13,6000,0.219623781,690,2,1,3,0,1128.533411,29071.48657,1.027578579,26.35485376,0,23.14433938,0,49.49919314,0.05,0.052784569,69.55647962,5.51115169,43.98804145,628.7316322,43.98804145,
100876,22,M,High School,Single,$40k - $60k,46000,2/29/2024,14,6000,0.313493232,685,2,1,3,0,1610.880134,31412.63174,1.394921361,37.61918781,0,33.03646674,0,70.65565455,0.05,0.053902867,101.3891043,31.83262463,38.82302992,667.5546621,38.82302992,
100876,22,M,High School,Single,$40k - $60k,46000,3/31/2024,15,6000,0.410910679,680,2,1,3,0,2111.458185,35255.51107,1.808132271,49.30928152,0,43.30248828,0,92.6117698,0.05,0.055095418,135.8357731,34.44666885,58.16510095,725.7197631,58.16510095,
100876,22,M,High School,Single,$40k - $60k,46000,4/30/2024,16,6000,0.61681788,670,3,2,3,1,3169.50916,42272.54332,2.634660996,74.01814565,30,0,0,104.0181457,0.15,0.157569204,583.1490147,447.3132416,-343.295096,382.4246671,-343.295096,
100876,22,M,High School,Single,$40k - $60k,46000,5/31/2024,17,6000,0.9,660,3,2,3,2,4624.636112,53654.95642,3.759167703,27.92974648,30,0,0,57.92974648,0.4,0.410959168,2219.179506,1636.030491,-1578.100744,-1195.676077,-1578.100744,
100876,22,M,High School,Single,$40k - $60k,46000,6/30/2024,18,6000,0.906687222,640,3,3,4,3,4658.9983,65140.45609,3.796149279,0.085490486,30,0,0,30.08549049,0.65,0.661049647,3596.191609,1377.012103,-1346.926613,-2542.60269,-1346.926613,
100876,22,M,High School,Single,$40k - $60k,46000,7/31/2024,19,6000,0.918788259,620,3,3,4,4,4658.9983,76625.95576,3.793606484,0,0,0,0,0,0.72,0.731143913,4030.598654,434.4070452,-434.4070452,-2977.009735,-434.4070452,
100876,22,M,High School,Single,$40k - $60k,46000,8/31/2024,20,6000,0.92662553,600,3,3,4,5,4658.9983,88111.45543,3.784278684,0,0,0,0,0,0.8,0.811197283,4510.056675,479.4580208,-479.4580208,-3456.467756,-479.4580208,
100876,22,M,High School,Single,$40k - $60k,46000,9/30/2024,21,6000,0.936218515,580,3,3,4,6,4658.9983,99596.9551,3.784002911,0,0,0,0,0,0.84,0.851273751,4781.869482,271.8128069,-271.8128069,-3728.280563,-271.8128069,
100876,22,M,High School,Single,$40k - $60k,46000,10/31/2024,22,6000,0.948625579,550,3,3,4,7,4658.9983,111082.4548,3.797379263,0,0,0,0,0,0.86,0.871386384,4959.716478,177.8469961,-177.8469961,-3906.127559,-177.8469961,
100877,21,M,High School,Single,$40k - $60k,46000,1/31/2023,1,6400,0.225695162,690,1,0,1,0,1205.559866,32909.84566,0.783306831,28.88898073,0,24.72402359,0,53.61300431,0.05,0.052588868,75.96193988,75.96193988,-22.34893557,-22.34893557,-22.34893557,
100877,21,M,High School,Single,$40k - $60k,46000,2/28/2023,2,6400,0.229250284,692,1,0,1,0,1224.549694,32912.01318,0.790494783,29.34403634,0,25.11347332,0,54.45750966,0.05,0.052624497,77.2107577,1.248817813,53.20869184,30.85975627,53.20869184,
100877,21,M,High School,Single,$40k - $60k,46000,3/31/2023,3,6400,0.215121541,690,1,0,1,0,1149.08044,32763.24219,0.737103363,27.53555723,0,23.56572469,0,51.10128192,0.05,0.052458076,72.22311726,-4.987640433,56.08892235,86.94867862,56.08892235,
100877,21,M,High School,Single,$40k - $60k,46000,4/30/2023,4,6400,0.196423525,690,1,0,1,0,1049.204229,32414.71877,0.689712188,25.14221119,0,21.51743007,0,46.65964126,0.05,0.0522611,65.69798116,-6.525136109,53.18477737,140.133456,53.18477737,
100877,21,M,High School,Single,$40k - $60k,46000,5/31/2023,5,6400,0.225622666,691,1,0,1,1,1205.172628,32378.13216,0.781255773,28.87970129,30,0,0,58.87970129,0.15,0.152586237,220.3322474,154.6342663,-95.75456497,44.37889103,-95.75456497,
100877,21,M,High School,Single,$40k - $60k,46000,6/30/2023,6,6400,0.206406409,690,1,0,1,0,1102.528209,32136.2567,0.709307474,26.42002034,0,22.61101602,0,49.03103637,0.05,0.052360559,69.16835136,-151.1638961,200.1949324,244.5738234,200.1949324,
100877,21,M,High School,Single,$40k - $60k,46000,7/31/2023,7,6400,0.217415564,689,1,0,1,0,1161.334058,32011.99295,0.752486873,27.82919219,0,23.81702597,0,51.64621816,0.05,0.052491811,73.04023537,3.871884012,47.77433415,292.3481576,47.77433415,
100877,21,M,High School,Single,$40k - $60k,46000,8/31/2023,8,6400,0.213837701,689,1,0,1,0,1142.222759,31849.50659,0.732450714,27.37122576,0,23.42508508,0,50.79631084,0.05,0.052443152,71.77166809,-1.268567284,52.06487812,344.4130357,52.06487812,
100877,21,M,High School,Single,$40k - $60k,46000,9/30/2023,9,6400,0.207292847,690,1,0,1,0,1107.263154,31617.10103,0.712399215,26.53348442,0,22.70812186,0,49.24160627,0.05,0.052370742,69.47891333,-2.292754758,51.53436103,395.9473967,51.53436103,
100877,21,M,High School,Single,$40k - $60k,46000,10/31/2023,10,6400,0.20425188,690,1,0,1,0,1091.019705,31352.20857,0.721213629,26.14424063,0,22.37499579,0,48.51923642,0.05,0.052355229,68.43938484,-1.039528496,49.55876492,445.5061617,49.55876492,
100877,22,M,High School,Single,$40k - $60k,46000,11/30/2023,11,6400,0.18249998,689,1,0,1,0,974.8310468,30854.93879,0.650649266,23.35999739,0,19.99216005,0,43.35215744,0.05,0.052110649,60.86523135,-7.57415349,50.92631093,496.4324726,50.92631093,
100877,22,M,High School,Single,$40k - $60k,46000,12/31/2023,12,6400,0.216446112,690,1,0,1,0,1156.15569,30720.3183,0.744980363,27.70510232,0,23.71082628,100,151.4159286,0.05,0.052476549,72.69340834,11.82817699,139.5877516,636.0202242,139.5877516,
100877,22,M,High School,Single,$40k - $60k,46000,1/31/2024,13,6400,0.218280006,690,2,1,3,0,1165.95151,31771.24095,1.04459674,27.93984077,0,23.91172221,0,51.85156298,0.05,0.052790837,73.7483787,1.054970357,50.79659263,686.8168168,50.79659263,
100877,22,M,High School,Single,$40k - $60k,46000,2/29/2024,14,6400,0.313395414,685,2,1,3,0,1674.014319,34346.35204,1.446325713,40.11461294,0,34.33124366,0,74.4458566,0.05,0.053953489,108.2161664,34.46778775,39.97806886,726.7948857,39.97806886,
100877,22,M,High School,Single,$40k - $60k,46000,3/31/2024,15,6400,0.41390967,680,2,1,3,0,2210.915298,38532.16606,1.886655445,52.98043775,0,45.34218791,0,98.32262567,0.05,0.055197933,146.2205322,38.00436572,60.31825995,787.1131456,60.31825995,
100877,22,M,High School,Single,$40k - $60k,46000,4/30/2024,16,6400,0.610055034,670,3,2,3,1,3258.633721,45861.13535,2.700954702,78.08704437,30,0,0,108.0870444,0.15,0.157581395,615.253269,469.0327369,-360.9456925,426.1674531,-360.9456925,
100877,22,M,High School,Single,$40k - $60k,46000,5/31/2024,17,6400,0.9,660,3,2,3,2,4807.386522,57836.36305,3.90575026,29.76463301,30,0,0,59.76463301,0.4,0.41110575,2367.969121,1752.715852,-1692.951219,-1266.783766,-1692.951219,
100877,22,M,High School,Single,$40k - $60k,46000,6/30/2024,18,6400,0.906501925,640,3,3,4,3,4842.116816,69915.78162,3.942780078,0.092704666,30,0,0,30.09270467,0.65,0.661194795,3835.99587,1468.026748,-1437.934044,-2704.71781,-1437.934044,
100877,22,M,High School,Single,$40k - $60k,46000,7/31/2024,19,6400,0.917622739,620,3,3,4,4,4842.116816,81995.2002,3.943999755,0,0,0,0,0,0.72,0.731284982,4294.67986,458.6839901,-458.6839901,-3163.4018,-458.6839901,
100877,22,M,High School,Single,$40k - $60k,46000,8/31/2024,20,6400,0.925042091,600,3,3,4,5,4842.116816,94074.61877,3.941088321,0,0,0,0,0,0.8,0.811341425,4803.359797,508.6799371,-508.6799371,-3672.081737,-508.6799371,
100877,22,M,High School,Single,$40k - $60k,46000,9/30/2024,21,6400,0.937236412,580,3,3,4,6,4842.116816,106154.0374,3.933032384,0,0,0,0,0,0.84,0.851430924,5107.149212,303.7894147,-303.7894147,-3975.871152,-303.7894147,
100877,22,M,High School,Single,$40k - $60k,46000,10/31/2024,22,6400,0.947946904,550,3,3,4,7,4842.116816,118233.4559,3.920901767,0,0,0,0,0,0.86,0.871504477,5287.295814,180.1466027,-180.1466027,-4156.017755,-180.1466027,
100878,21,M,High School,Single,$40k - $60k,46000,1/31/2023,1,6300,0.206774203,690,1,0,1,0,1098.701789,32275.6207,0.709833456,26.05354962,0,22.53254253,0,48.58609215,0.05,0.052364027,68.21343889,68.21343889,-19.62734674,-19.62734674,-19.62734674,
100878,21,M,High School,Single,$40k - $60k,46000,2/28/2023,2,6300,0.17251576,692,1,0,1,0,916.6683822,31631.55806,0.629143343,21.73698579,0,18.79934074,0,40.53632653,0.05,0.052009269,56.52623752,-11.68720137,52.2235279,32.59618116,52.2235279,
100878,21,M,High School,Single,$40k - $60k,46000,3/31/2023,3,6300,0.227774392,690,1,0,1,1,1210.287008,31574.73267,0.786605535,28.69957336,30,0,0,58.69957336,0.15,0.152608801,218.9903735,162.464136,-103.7645626,-71.16838148,-103.7645626,
100878,21,M,High School,Single,$40k - $60k,46000,4/30/2023,4,6300,0.188959461,690,1,0,1,0,1004.042548,31105.41836,0.6626944,23.80889209,0,20.59123926,0,44.40013135,0.05,0.05217437,62.11069737,-156.8796761,201.2798075,130.111426,201.2798075,
100878,21,M,High School,Single,$40k - $60k,46000,5/31/2023,5,6300,0.17957659,691,1,0,1,0,954.1863422,30536.39164,0.632066356,22.62665034,0,19.56877157,0,42.19542191,0.05,0.052068679,58.90698975,-3.20370762,45.39912953,175.5105555,45.39912953,
100878,21,M,High School,Single,$40k - $60k,46000,6/30/2023,6,6300,0.221245736,690,1,0,1,0,1175.596772,30410.18578,0.757593205,27.87696273,0,24.10953046,0,51.98649319,0.05,0.052527559,73.21544035,14.30845059,37.6780426,213.1885981,37.6780426,
100878,21,M,High School,Single,$40k - $60k,46000,7/31/2023,7,6300,0.206169694,689,1,0,1,0,1095.48971,30123.76579,0.713805894,25.97738148,0,22.46666814,0,48.44404962,0.05,0.052363163,68.01289363,-5.202546714,53.64659634,266.8351945,53.64659634,
100878,21,M,High School,Single,$40k - $60k,46000,8/31/2023,8,6300,0.207220587,689,1,0,1,0,1101.073663,29848.51371,0.70603458,26.10979393,0,22.5811857,0,48.69097962,0.05,0.052363799,68.36040041,0.347506779,48.34347285,315.1786673,48.34347285,
100878,21,M,High School,Single,$40k - $60k,46000,9/30/2023,9,6300,0.195785491,690,1,0,1,0,1040.312889,29451.74009,0.674061068,24.66897181,0,21.33508349,0,46.0040553,0.05,0.052240345,64.43577989,-3.924620525,49.92867582,365.1073431,49.92867582,
100878,21,M,High School,Single,$40k - $60k,46000,10/31/2023,10,6300,0.184009704,690,1,0,1,0,977.7418443,28929.82437,0.644958904,23.18522269,0,20.05185566,0,43.23707835,0.05,0.052117037,60.4172549,-4.018524987,47.25560333,412.3629465,47.25560333,
100878,22,M,High School,Single,$40k - $60k,46000,11/30/2023,11,6300,0.216697028,689,1,0,1,0,1151.427059,28755.27908,0.735679763,27.30382557,0,23.61384993,0,50.9176755,0.05,0.052469256,71.63057066,11.21331576,39.70435974,452.0673062,39.70435974,
100878,22,M,High School,Single,$40k - $60k,46000,12/31/2023,12,6300,0.205375758,690,1,0,1,0,1091.271102,28460.42188,0.719768223,25.8773455,0,22.38015152,100,148.257497,0.05,0.052362774,67.75048009,-3.880090576,152.1375876,604.2048938,152.1375876,
100878,22,M,High School,Single,$40k - $60k,46000,1/31/2024,13,6300,0.216275932,690,2,1,3,0,1149.189549,29430.59112,1.054520435,27.25076743,0,23.56796233,0,50.81872977,0.05,0.052784728,71.92121718,4.170737097,46.64799267,650.8528865,46.64799267,
100878,22,M,High School,Single,$40k - $60k,46000,2/29/2024,14,6300,0.316576618,685,2,1,3,0,1682.140669,31999.61372,1.465668624,39.88865386,0,34.49790154,0,74.38655541,0.05,0.053998282,107.6959381,35.77472095,38.61183446,689.4647209,38.61183446,
100878,22,M,High School,Single,$40k - $60k,46000,3/31/2024,15,6300,0.41349471,680,2,1,3,0,2197.118261,36113.5691,1.871239323,52.10033349,0,45.05923367,0,97.15956717,0.05,0.055179197,143.7427283,36.04679016,61.112777,750.5774979,61.112777,
100878,22,M,High School,Single,$40k - $60k,46000,4/30/2024,16,6300,0.6168458,670,3,2,3,1,3277.63122,43469.06335,2.696024439,77.72257082,30,0,0,107.7225708,0.15,0.157630791,612.5735152,468.8307869,-361.1082161,389.4692818,-361.1082161,
100878,22,M,High School,Single,$40k - $60k,46000,5/31/2024,17,6300,0.9,660,3,2,3,2,4782.180729,55338.20613,3.880017457,28.89833352,30,0,0,58.89833352,0.4,0.411080017,2330.823699,1718.250184,-1659.35185,-1269.882568,-1659.35185,
100878,22,M,High School,Single,$40k - $60k,46000,6/30/2024,18,6300,0.905658041,640,3,3,4,3,4812.244925,67297.5415,3.918967417,0.001258117,30,0,0,30.00125812,0.65,0.661164232,3772.36883,1441.545131,-1411.543873,-2681.426441,-1411.543873,
100878,22,M,High School,Single,$40k - $60k,46000,7/31/2024,19,6300,0.918799705,620,3,3,4,4,4812.244925,79256.87687,3.897254617,0,0,0,0,0,0.72,0.731247652,4232.781804,460.4129737,-460.4129737,-3141.839415,-460.4129737,
100878,22,M,High School,Single,$40k - $60k,46000,8/31/2024,20,6300,0.928051223,600,3,3,4,5,4812.244925,91216.21224,3.911522699,0,0,0,0,0,0.8,0.811335932,4743.65622,510.8744167,-510.8744167,-3652.713832,-510.8744167,
100878,22,M,High School,Single,$40k - $60k,46000,9/30/2024,21,6300,0.935768469,580,3,3,4,6,4812.244925,103175.5476,3.897399156,0,0,0,0,0,0.84,0.851383547,5019.196631,275.5404105,-275.5404105,-3928.254242,-275.5404105,
100878,22,M,High School,Single,$40k - $60k,46000,10/31/2024,22,6300,0.945119548,550,3,3,4,7,4812.244925,115134.883,3.914808985,0,0,0,0,0,0.86,0.871475765,5188.987321,169.7906903,-169.7906903,-4098.044932,-169.7906903,
100879,21,M,High School,Single,$40k - $60k,46000,1/31/2023,1,5400,0.185780603,690,1,0,1,0,847.5796537,32872.87658,0.578162303,20.06430507,0,17.38244607,0,37.44675114,0.05,0.052064407,52.2318074,52.2318074,-14.78505626,-14.78505626,-14.78505626,
100879,21,M,High School,Single,$40k - $60k,46000,2/28/2023,2,5400,0.211349791,692,1,0,1,0,964.2329723,32263.35857,0.656002707,22.82577741,0,19.77481121,0,42.60058862,0.05,0.052346801,59.74282144,7.511014042,35.08957458,20.30451832,35.08957458,
100879,21,M,High School,Single,$40k - $60k,46000,3/31/2023,3,5400,0.19520437,690,1,0,1,0,890.5733416,31506.52129,0.619535384,21.08207192,0,18.26417495,0,39.34624686,0.05,0.05218117,55.00435929,-4.738462151,44.08470901,64.38922733,44.08470901,
100879,21,M,High School,Single,$40k - $60k,46000,4/30/2023,4,5400,0.182254275,690,1,0,1,0,831.491628,30631.52058,0.568303799,19.68346174,0,17.05250747,0,36.73596922,0.05,0.052026338,51.20292169,-3.801437598,40.53740681,104.9266341,40.53740681,
100879,21,M,High School,Single,$40k - $60k,46000,5/31/2023,5,5400,0.179672374,691,1,0,1,0,819.7123172,29732.96126,0.576156043,19.40461635,0,16.81093344,0,36.21554978,0.05,0.052013535,50.4651346,-0.737787086,36.95333687,141.879971,36.95333687,
100879,21,M,High School,Single,$40k - $60k,46000,6/30/2023,6,5400,0.185295569,690,1,0,1,0,845.3668042,28885.71091,0.592534077,20.01192145,0,17.33706421,0,37.34898566,0.05,0.052074899,52.10593905,1.640804452,35.70818121,177.5881522,35.70818121,
100879,21,M,High School,Single,$40k - $60k,46000,7/31/2023,7,5400,0.204111466,689,1,0,1,0,931.2098408,28210.14663,0.629287387,22.04403828,0,19.09756182,0,41.1416001,0.05,0.052262179,57.60347385,5.497534791,35.64406531,213.2322175,35.64406531,
100879,21,M,High School,Single,$40k - $60k,46000,8/31/2023,8,5400,0.172848447,689,1,0,1,0,788.5797818,27249.32223,0.560008038,18.66763229,0,16.17245702,0,34.84008932,0.05,0.051942796,48.48245044,-9.121023406,43.96111272,257.1933303,43.96111272,
100879,21,M,High School,Single,$40k - $60k,46000,9/30/2023,9,5400,0.178051176,690,1,0,1,0,812.3159898,26335.97025,0.579066091,19.229527,0,16.65924709,0,35.88877409,0.05,0.052003475,50.0001118,1.517661363,34.37111273,291.564443,34.37111273,
100879,21,M,High School,Single,$40k - $60k,46000,10/31/2023,10,5400,0.17053676,690,1,0,1,0,778.0332607,25354.05281,0.546414219,18.41797008,0,15.95616545,0,34.37413553,0.05,0.051910708,47.8044936,-2.195618201,36.56975373,328.1341967,36.56975373,
100879,22,M,High School,Single,$40k - $60k,46000,11/30/2023,11,5400,0.194089734,689,1,0,1,0,885.4880811,24587.04501,0.60175753,20.96169123,0,18.15988473,0,39.12157596,0.05,0.052154475,54.66230049,6.857806884,32.26376908,360.3979658,32.26376908,
100879,22,M,High School,Single,$40k - $60k,46000,12/31/2023,12,5400,0.220976561,690,1,0,1,1,1008.152812,24065.36667,0.675101809,23.86546855,30,0,100,153.8654686,0.15,0.152442914,181.9060788,127.2437784,26.6216902,387.019656,26.6216902,
100879,22,M,High School,Single,$40k - $60k,46000,1/31/2024,13,5400,0.217981369,690,2,1,3,0,994.4879634,24510.8466,0.918818846,23.54198782,0,20.39529065,0,43.93727847,0.05,0.05266267,61.98919656,-119.9168823,163.8541608,550.8738167,163.8541608,
100879,22,M,High School,Single,$40k - $60k,46000,2/29/2024,14,5400,0.316950978,685,2,1,3,0,1446.01318,26310.90218,1.274584997,34.23070559,0,29.65532031,0,63.88602589,0.05,0.053810193,92.0980434,30.10884684,33.77717905,584.6509958,33.77717905,
100879,22,M,High School,Single,$40k - $60k,46000,3/31/2024,15,5400,0.416532332,680,2,1,3,0,1900.329342,29473.90625,1.628292341,44.98549191,0,38.97258759,0,83.95807949,0.05,0.054960551,123.6213711,31.52332771,52.43475178,637.0857476,52.43475178,
100879,22,M,High School,Single,$40k - $60k,46000,4/30/2024,16,5400,0.619094241,670,3,2,3,1,2824.469701,35409.33139,2.363807007,66.86217808,30,0,0,96.86217808,0.15,0.157316561,525.9263956,402.3050245,-305.4428464,331.6429012,-305.4428464,
100879,22,M,High School,Single,$40k - $60k,46000,5/31/2024,17,5400,0.9,660,3,2,3,2,4106.035173,45189.45295,3.349469572,24.52827539,30,0,0,54.52827539,0.4,0.41054947,1995.270422,1469.344027,-1414.815751,-1083.17285,-1414.815751,
100879,22,M,High School,Single,$40k - $60k,46000,6/30/2024,18,5400,0.907158835,640,3,3,4,3,4138.695647,55067.55593,3.379602134,0.052140169,30,0,0,30.05214017,0.65,0.660636873,3236.233908,1240.963486,-1210.911346,-2294.084196,-1210.911346,
100879,22,M,High School,Single,$40k - $60k,46000,7/31/2024,19,5400,0.917728823,620,3,3,4,4,4138.695647,64945.65891,3.369737072,0,0,0,0,0,0.72,0.730711568,3621.213362,384.9794535,-384.9794535,-2679.063649,-384.9794535,
100879,22,M,High School,Single,$40k - $60k,46000,8/31/2024,20,5400,0.928058319,600,3,3,4,5,4138.695647,74823.76189,3.373967807,0,0,0,0,0,0.8,0.810798434,4063.328452,442.1150899,-442.1150899,-3121.178739,-442.1150899,
100879,22,M,High School,Single,$40k - $60k,46000,9/30/2024,21,5400,0.935370989,580,3,3,4,6,4138.695647,84701.86486,3.381991805,0,0,0,0,0,0.84,0.85086496,4297.721753,234.3933013,-234.3933013,-3355.572041,-234.3933013,
100879,22,M,High School,Single,$40k - $60k,46000,10/31/2024,22,5400,0.947003885,550,3,3,4,7,4138.695647,94579.96784,3.385010786,0,0,0,0,0,0.86,0.870961042,4453.938849,156.217096,-156.217096,-3511.789137,-156.217096,
100880,21,M,High School,Single,$40k - $60k,46000,1/31/2023,1,5900,0.209305239,690,1,0,1,0,1040.631945,31162.21486,0.686729999,24.69801822,0,21.3416268,0,46.03964501,0.05,0.052361172,64.66085888,64.66085888,-18.62121387,-18.62121387,-18.62121387,
100880,21,M,High School,Single,$40k - $60k,46000,2/28/2023,2,5900,0.177508457,692,1,0,1,0,882.5434653,30438.30677,0.602992394,20.94599796,0,18.09949557,0,39.04549352,0.05,0.05202306,54.48374547,-10.17711341,49.22260693,30.60139306,49.22260693,
100880,21,M,High School,Single,$40k - $60k,46000,3/31/2023,3,5900,0.205330505,690,1,0,1,0,1020.870205,29991.05217,0.667394734,24.22899955,0,20.93634645,0,45.165346,0.05,0.052310039,63.37099529,8.887249819,36.27809618,66.87948925,36.27809618,
100880,21,M,High School,Single,$40k - $60k,46000,4/30/2023,4,5900,0.210830389,690,1,0,1,0,1048.214742,29598.48664,0.68691491,24.87798586,0,21.49713734,0,46.3751232,0.05,0.052373558,65.14743179,1.776436499,44.5986867,111.4781759,44.5986867,
100880,21,M,High School,Single,$40k - $60k,46000,5/31/2023,5,5900,0.226230689,691,1,0,1,0,1124.782554,29359.05673,0.718775332,26.69522127,0,23.06741555,0,49.76263682,0.05,0.052528621,70.11315781,4.965726018,44.7969108,156.2750868,44.7969108,
100880,21,M,High School,Single,$40k - $60k,46000,6/30/2023,6,5900,0.227979499,690,1,0,1,0,1133.477359,29137.01643,0.727927153,26.90158091,0,23.2457315,0,50.14731241,0.05,0.052551763,70.68627542,0.573117607,49.57419481,205.8492816,49.57419481,
100880,21,M,High School,Single,$40k - $60k,46000,7/31/2023,7,5900,0.188878986,689,1,0,1,0,939.0759019,28526.17322,0.622086899,22.28772032,0,19.25888162,0,41.54660194,0.05,0.052133119,58.09641853,-12.58985688,54.13645882,259.9857404,54.13645882,
100880,21,M,High School,Single,$40k - $60k,46000,8/31/2023,8,5900,0.228485108,689,1,0,1,0,1135.991162,28309.16053,0.73126655,26.9612427,0,23.29728542,0,50.25852812,0.05,0.052559147,70.85299647,12.75657794,37.50195018,297.4876906,37.50195018,
100880,21,M,High School,Single,$40k - $60k,46000,9/30/2023,9,5900,0.200229922,690,1,0,1,0,995.5109315,27811.18737,0.674736055,23.62713085,0,20.41627002,0,44.04340087,0.05,0.052276575,61.75727441,-9.095722061,53.13912293,350.6268135,53.13912293,
100880,21,M,High School,Single,$40k - $60k,46000,10/31/2023,10,5900,0.219193358,690,1,0,1,0,1089.79408,27501.78052,0.69998515,25.86481626,0,22.34986026,0,48.21467652,0.05,0.052453532,67.83504839,6.077773981,42.13690254,392.763716,42.13690254,
100880,22,M,High School,Single,$40k - $60k,46000,11/30/2023,11,5900,0.176311261,689,1,0,1,0,876.5911977,26765.9679,0.608179832,20.80472878,0,17.97742448,0,38.78215326,0.05,0.05201867,54.11171596,-13.72333243,52.50548569,445.2692017,52.50548569,
100880,22,M,High School,Single,$40k - $60k,46000,12/31/2023,12,5900,0.229776913,690,1,0,1,1,1142.41381,26561.8005,0.74752679,27.11367572,30,0,100,157.1136757,0.15,0.152585742,206.8580165,152.7463005,4.367375176,449.6365769,4.367375176,
100880,22,M,High School,Single,$40k - $60k,46000,1/31/2024,13,5900,0.210907706,690,2,1,3,0,1048.599154,27218.60295,0.962299718,24.88710936,0,21.50502099,0,46.39213035,0.05,0.052649561,65.51476958,-141.3432469,187.7353773,637.3719542,187.7353773,
100880,22,M,High School,Single,$40k - $60k,46000,2/29/2024,14,5900,0.316300137,685,2,1,3,0,1572.593349,29447.38798,1.382801421,37.3234162,0,32.25126859,0,69.57468479,0.05,0.053913203,100.6112448,35.09647522,34.47820957,671.8501637,34.47820957,
100880,22,M,High School,Single,$40k - $60k,46000,3/31/2024,15,5900,0.411484141,680,2,1,3,0,2045.832887,33095.89162,1.746236707,48.55512861,0,41.95662278,0,90.51175139,0.05,0.05503811,133.6191251,33.00788025,57.50387114,729.3540349,57.50387114,
100880,22,M,High School,Single,$40k - $60k,46000,4/30/2024,16,5900,0.613814766,670,3,2,3,1,3051.788177,39762.26114,2.54005937,72.43014244,30,0,0,102.4301424,0.15,0.157450578,570.2083878,436.5892628,-334.1591203,395.1949146,-334.1591203,
100880,22,M,High School,Single,$40k - $60k,46000,5/31/2024,17,5900,0.9,660,3,2,3,2,4474.655073,50697.23134,3.64233529,27.29751147,30,0,0,57.29751147,0.4,0.410842335,2181.5728,1611.364413,-1554.066901,-1158.871987,-1554.066901,
100880,22,M,High School,Single,$40k - $60k,46000,6/30/2024,18,5900,0.908390461,640,3,3,4,3,4516.371097,61757.34961,3.683698124,0.229611513,30,0,0,30.22961151,0.65,0.660950822,3542.36839,1360.795589,-1330.565978,-2489.437965,-1330.565978,
100880,22,M,High School,Single,$40k - $60k,46000,7/31/2024,19,5900,0.918543623,620,3,3,4,4,4516.371097,72817.46789,3.665384518,0,0,0,0,0,0.72,0.731013734,3961.661219,419.2928291,-419.2928291,-2908.730794,-419.2928291,
100880,22,M,High School,Single,$40k - $60k,46000,8/31/2024,20,5900,0.927853525,600,3,3,4,5,4516.371097,83877.58616,3.665351136,0,0,0,0,0,0.8,0.811088179,4440.169057,478.5078379,-478.5078379,-3387.238632,-478.5078379,
100880,22,M,High School,Single,$40k - $60k,46000,9/30/2024,21,5900,0.935983251,580,3,3,4,6,4516.371097,94937.70444,3.670369586,0,0,0,0,0,0.84,0.851158236,4700.352129,260.1830725,-260.1830725,-3647.421704,-260.1830725,
100880,22,M,High School,Single,$40k - $60k,46000,10/31/2024,22,5900,0.94712271,550,3,3,4,7,4516.371097,105997.8227,3.672119342,0,0,0,0,0,0.86,0.871249101,4868.560876,168.2087462,-168.2087462,-3815.63045,-168.2087462,
100881,21,M,High School,Single,$40k - $60k,46000,1/31/2023,1,6200,0.21007424,690,1,0,1,0,1097.281496,31137.71432,0.711036695,26.0492058,0,22.50341467,0,48.55262048,0.05,0.052391631,68.23801842,68.23801842,-19.68539794,-19.68539794,-19.68539794,
100881,21,M,High School,Single,$40k - $60k,46000,2/28/2023,2,6200,0.224155286,692,1,0,1,0,1170.831068,31075.41285,0.745281787,27.79525543,0,24.01179381,0,51.80704924,0.05,0.052538524,73.01608481,4.778066399,47.02898284,27.3435849,47.02898284,
100881,21,M,High School,Single,$40k - $60k,46000,3/31/2023,3,6200,0.172463359,690,1,0,1,0,900.8284485,30473.10615,0.623826078,21.38545646,0,18.4744901,0,39.85994656,0.05,0.052003533,55.60596448,-17.41012034,57.27006689,84.61365179,57.27006689,
100881,21,M,High School,Single,$40k - $60k,46000,4/30/2023,4,6200,0.186648056,690,1,0,1,0,974.9194272,30018.98141,0.65264655,23.14435895,0,19.99397259,0,43.13833154,0.05,0.052145831,60.34409151,4.738127037,38.4002045,123.0138563,38.4002045,
100881,21,M,High School,Single,$40k - $60k,46000,5/31/2023,5,6200,0.179050383,691,1,0,1,0,935.2344762,29485.48676,0.62065731,22.2022475,0,19.18010038,0,41.38234788,0.05,0.05205306,57.78474648,-2.559345031,43.94169292,166.9555492,43.94169292,
100881,21,M,High School,Single,$40k - $60k,46000,6/30/2023,6,6200,0.172031347,690,1,0,1,0,898.5719211,28878.667,0.602873088,21.33188703,0,18.42821248,0,39.76009951,0.05,0.051979124,55.4406399,-2.34410658,42.10420609,209.0597553,42.10420609,
100881,21,M,High School,Single,$40k - $60k,46000,7/31/2023,7,6200,0.21099979,689,1,0,1,0,1102.11592,28678.93525,0.712308949,26.1639739,0,22.60256066,0,48.76653456,0.05,0.052400307,68.55001359,13.10937369,35.65716087,244.7169162,35.65716087,
100881,21,M,High School,Single,$40k - $60k,46000,8/31/2023,8,6200,0.216875005,689,1,0,1,0,1132.803953,28540.57955,0.728047179,26.89250063,0,23.23192107,0,50.1244217,0.05,0.052463047,70.54312652,1.993112934,48.13130877,292.8482249,48.13130877,
100881,21,M,High School,Single,$40k - $60k,46000,9/30/2023,9,6200,0.220874721,690,1,0,1,1,1153.695684,28444.00732,0.756009953,27.38846542,30,0,0,57.38846542,0.15,0.152523008,208.8685561,138.3254296,-80.9369642,211.9112607,-80.9369642,
100881,21,M,High School,Single,$40k - $60k,46000,10/31/2023,10,6200,0.216911895,690,1,0,1,0,1132.996643,28306.03701,0.736107215,26.89707504,0,23.23587282,0,50.13294786,0.05,0.052471402,70.56636237,-138.3021938,188.4351416,400.3464024,188.4351416,
100881,22,M,High School,Single,$40k - $60k,46000,11/30/2023,11,6200,0.203381067,689,1,0,1,0,1062.321022,28026.71546,0.691557085,25.21925235,0,21.78643363,0,47.00568598,0.05,0.052318606,65.97180589,-4.594556475,51.60024246,451.9466448,51.60024246,
100881,22,M,High School,Single,$40k - $60k,46000,12/31/2023,12,6200,0.213863605,690,1,0,1,0,1117.074498,27856.90085,0.726327217,26.51908706,0,22.90933617,100,149.4284232,0.05,0.052437236,69.5293814,3.557575511,145.8708477,597.8174926,145.8708477,
100881,22,M,High School,Single,$40k - $60k,46000,1/31/2024,13,6200,0.210412515,690,2,1,3,0,1099.048406,28750.08247,0.993909697,26.09115183,0,22.53965105,0,48.63080288,0.05,0.05267721,68.72045397,-0.808927434,49.43973032,647.2572229,49.43973032,
100881,22,M,High School,Single,$40k - $60k,46000,2/29/2024,14,6200,0.311528901,685,2,1,3,0,1627.209968,31227.74878,1.41955925,38.62958367,0,33.37136443,0,72.00094811,0.05,0.05391179,104.129501,35.40904705,36.59190106,683.8491239,36.59190106,
100881,22,M,High School,Single,$40k - $60k,46000,3/31/2024,15,6200,0.412957828,680,2,1,3,0,2157.00403,35294.79727,1.81874586,51.20677067,0,44.23655765,0,95.44332832,0.05,0.055122408,141.1320265,37.00252547,58.44080285,742.2899268,58.44080285,
100881,22,M,High School,Single,$40k - $60k,46000,4/30/2024,16,6200,0.612181675,670,3,2,3,1,3197.610631,42483.66557,2.638154591,75.91052774,30,0,0,105.9105277,0.15,0.157535608,597.930557,456.7985305,-350.8880028,391.401924,-350.8880028,
100881,22,M,High School,Single,$40k - $60k,46000,5/31/2024,17,6200,0.9,660,3,2,3,2,4700.973067,54182.62117,3.81726655,28.87506918,30,0,0,58.87506918,0.4,0.411017267,2293.476347,1695.54579,-1636.670721,-1245.268797,-1636.670721,
100881,22,M,High School,Single,$40k - $60k,46000,6/30/2024,18,6200,0.906529526,640,3,3,4,3,4735.078761,65983.89385,3.838190032,0.080463695,30,0,0,30.0804637,0.65,0.661090426,3715.647541,1422.171194,-1392.09073,-2637.359527,-1392.09073,
100881,22,M,High School,Single,$40k - $60k,46000,7/31/2024,19,6200,0.917436287,620,3,3,4,4,4735.078761,77785.16654,3.857712294,0,0,0,0,0,0.72,0.731197203,4159.126448,443.4789064,-443.4789064,-3080.838434,-443.4789064,
100881,22,M,High School,Single,$40k - $60k,46000,8/31/2024,20,6200,0.926964308,600,3,3,4,5,4735.078761,89586.43922,3.837797176,0,0,0,0,0,0.8,0.811253512,4662.418913,503.2924651,-503.2924651,-3584.130899,-503.2924651,
100881,22,M,High School,Single,$40k - $60k,46000,9/30/2024,21,6200,0.938578704,580,3,3,4,6,4735.078761,101387.7119,3.850368044,0,0,0,0,0,0.84,0.851358998,4954.218033,291.7991204,-291.7991204,-3875.930019,-291.7991204,
100881,22,M,High School,Single,$40k - $60k,46000,10/31/2024,22,6200,0.946528674,550,3,3,4,7,4735.078761,113188.9846,3.856862278,0,0,0,0,0,0.86,0.871429092,5113.96226,159.7442268,-159.7442268,-4035.674246,-159.7442268,
100882,21,M,High School,Single,$40k - $60k,46000,1/31/2023,1,5900,0.21481029,690,1,0,1,0,1086.178604,31943.52897,0.718323757,25.34761425,0,22.27571286,0,47.62332711,0.05,0.052436806,66.45739664,66.45739664,-18.83406953,-18.83406953,-18.83406953,
100882,21,M,High School,Single,$40k - $60k,46000,2/28/2023,2,5900,0.213447126,692,1,0,1,0,1079.285822,31532.23309,0.701008412,25.18676081,0,22.13435341,0,47.32111422,0.05,0.052408585,66.00012526,-0.457271379,47.77838559,28.94431606,47.77838559,
100882,21,M,High School,Single,$40k - $60k,46000,3/31/2023,3,5900,0.20016017,690,1,0,1,0,1012.100926,30986.56741,0.683252345,23.61890003,0,20.75650315,0,44.37540318,0.05,0.052284534,61.74515872,-4.254966543,48.63036972,77.57468579,48.63036972,
100882,21,M,High School,Single,$40k - $60k,46000,4/30/2023,4,5900,0.206018694,690,1,0,1,0,1041.724292,30500.14847,0.676761024,24.31020592,0,21.36402903,0,45.67423495,0.05,0.052324911,63.60146753,1.856308813,43.81792613,121.3926119,43.81792613,
100882,21,M,High School,Single,$40k - $60k,46000,5/31/2023,5,5900,0.17852422,691,1,0,1,0,902.6997148,29735.68037,0.623901361,21.06585793,0,18.51286665,0,39.57872458,0.05,0.052052095,54.82610204,-8.775365492,48.35409008,169.746702,48.35409008,
100882,21,M,High School,Single,$40k - $60k,46000,6/30/2023,6,5900,0.21743933,690,1,0,1,1,1099.472224,29364.75729,0.705517656,25.65784091,30,0,0,55.65784091,0.15,0.152445032,195.5705193,140.7444172,-85.08657632,84.66012567,-85.08657632,
100882,21,M,High School,Single,$40k - $60k,46000,7/31/2023,7,5900,0.175146227,689,1,0,1,0,885.6190453,28566.12785,0.611167871,20.66725477,0,18.16257059,0,38.82982536,0.05,0.052012338,53.74761171,-141.8229076,180.6527329,265.3128586,180.6527329,
100882,21,M,High School,Single,$40k - $60k,46000,8/31/2023,8,5900,0.210831468,689,1,0,1,0,1066.059869,28128.38006,0.705638935,24.87811327,0,21.86311115,0,46.74122442,0.05,0.052392291,65.1710671,11.42345539,35.31776903,300.6306276,35.31776903,
100882,21,M,High School,Single,$40k - $60k,46000,9/30/2023,9,5900,0.209951292,690,1,0,1,0,1061.609297,27681.73113,0.703954954,24.77425245,0,21.77183732,0,46.54608977,0.05,0.052383565,64.88818353,-0.282883568,46.82897334,347.459601,46.82897334,
100882,21,M,High School,Single,$40k - $60k,46000,10/31/2023,10,5900,0.21569219,690,1,0,1,0,1090.63789,27293.13938,0.720467957,25.45167841,0,22.36716539,0,47.8188438,0.05,0.052446005,66.74194327,1.853759733,45.96508407,393.424685,45.96508407,
100882,22,M,High School,Single,$40k - $60k,46000,11/30/2023,11,5900,0.177048669,689,1,0,1,0,895.2386566,26513.74917,0.623493811,20.8917429,0,18.35985278,0,39.25159568,0.05,0.052039883,54.36019297,-12.3817503,51.63334598,445.058031,51.63334598,
100882,22,M,High School,Single,$40k - $60k,46000,12/31/2023,12,5900,0.210669024,690,1,0,1,0,1065.238477,26074.35859,0.694052913,24.85894484,0,21.84626576,100,146.7052106,0.05,0.052379405,65.10483712,10.74464415,135.9605665,581.0185975,135.9605665,
100882,22,M,High School,Single,$40k - $60k,46000,1/31/2024,13,5900,0.218668751,690,2,1,3,0,1105.688739,26821.55728,1.016928096,25.80291266,0,22.67583323,0,48.47874589,0.05,0.052766278,68.07618327,2.971346155,45.50739974,626.5259972,45.50739974,
100882,22,M,High School,Single,$40k - $60k,46000,2/29/2024,14,5900,0.311083857,685,2,1,3,0,1572.981576,28970.63449,1.383839805,36.70789508,0,32.2592305,0,68.96712558,0.05,0.053872511,98.87732344,30.80114017,38.1659854,664.6919826,38.1659854,
100882,22,M,High School,Single,$40k - $60k,46000,3/31/2024,15,5900,0.410046132,680,2,1,3,0,2073.379886,32620.90662,1.773895952,48.38544357,0,42.52156582,0,90.90700939,0.05,0.055054265,133.1912516,34.31392819,56.5930812,721.2850638,56.5930812,
100882,22,M,High School,Single,$40k - $60k,46000,4/30/2024,16,5900,0.616236577,670,3,2,3,1,3115.972631,39398.95698,2.580541854,72.71591613,30,0,0,102.7159161,0.15,0.157510434,572.6757771,439.4845255,-336.7686094,384.5164544,-336.7686094,
100882,22,M,High School,Single,$40k - $60k,46000,5/31/2024,17,5900,0.9,660,3,2,3,2,4550.809657,50481.51842,3.696805097,27.53210299,30,0,0,57.53210299,0.4,0.410896805,2181.862035,1609.186258,-1551.654155,-1167.137701,-1551.654155,
100882,22,M,High School,Single,$40k - $60k,46000,6/30/2024,18,5900,0.905019855,640,3,3,4,3,4576.192329,61640.22788,3.734289292,0,30,0,0,30,0.65,0.660974448,3529.350495,1347.48846,-1317.48846,-2484.626161,-1317.48846,
100882,22,M,High School,Single,$40k - $60k,46000,7/31/2024,19,5900,0.917348178,620,3,3,4,4,4576.192329,72798.93734,3.713487918,0,0,0,0,0,0.72,0.731052273,3956.71388,427.3633849,-427.3633849,-2911.989546,-427.3633849,
100882,22,M,High School,Single,$40k - $60k,46000,8/31/2024,20,5900,0.925297888,600,3,3,4,5,4576.192329,83957.6468,3.730434417,0,0,0,0,0,0.8,0.811132818,4428.182948,471.4690675,-471.4690675,-3383.458613,-471.4690675,
100882,22,M,High School,Single,$40k - $60k,46000,9/30/2024,21,5900,0.93553383,580,3,3,4,6,4576.192329,95116.35626,3.722423069,0,0,0,0,0,0.84,0.851206694,4698.362685,270.1797374,-270.1797374,-3653.63835,-270.1797374,
100882,22,M,High School,Single,$40k - $60k,46000,10/31/2024,22,5900,0.947937456,550,3,3,4,7,4576.192329,106275.0657,3.73178356,0,0,0,0,0,0.86,0.871315283,4873.119118,174.7564325,-174.7564325,-3828.394783,-174.7564325,
105383,32,M,College,Single,$100k to $120k,112500,5/31/2020,1,13100,0.189745922,751,0,0,0,0,0,12625.4468,0.032390834,49.71343154,0,0,0,49.71343154,0.05,0.05,124.2835788,124.2835788,-74.57014731,-74.57014731,-74.57014731,
105383,32,M,College,Single,$100k to $120k,112500,6/30/2020,2,13100,0.132735451,753,0,0,0,0,0,12321.78273,0.032390834,34.77668814,0,0,0,34.77668814,0.05,0.05,86.94172034,-37.34185851,72.11854664,-2.451600664,72.11854664,
105383,32,M,College,Single,$100k to $120k,112500,7/31/2020,3,13100,0.192140161,751,0,0,0,0,0,12018.11867,0.032390834,50.34072223,0,0,0,50.34072223,0.05,0.05,125.8518056,38.91008523,11.430637,8.979036335,11.430637,
105383,32,M,College,Single,$100k to $120k,112500,8/31/2020,4,13100,0.151548876,752,0,0,0,0,0,11714.4546,0.032390834,39.70580557,0,0,0,39.70580557,0.05,0.05,99.26451392,-26.58729165,66.29309721,75.27213355,66.29309721,
105383,32,M,College,Single,$100k to $120k,112500,9/30/2020,5,13100,0.145604834,753,0,0,0,0,0,11410.79054,0.032390834,38.14846649,0,0,0,38.14846649,0.05,0.05,95.37116623,-3.893347693,42.04181418,117.3139477,42.04181418,
105383,32,M,College,Single,$100k to $120k,112500,10/31/2020,6,13100,0.182941958,751,0,0,0,0,0,11107.12647,0.032390834,47.93079299,0,0,0,47.93079299,0.05,0.05,119.8269825,24.45581625,23.47497674,140.7889245,23.47497674,
105383,33,M,College,Single,$100k to $120k,112500,11/30/2020,7,13100,0.171897118,752,0,0,0,0,0,10803.4624,0.032390834,45.03704493,0,0,0,45.03704493,0.05,0.05,112.5926123,-7.234370148,52.27141508,193.0603396,52.27141508,
105383,33,M,College,Single,$100k to $120k,112500,12/31/2020,8,13100,0.185743261,751,0,0,0,0,0,10499.79834,0.032390834,48.66473426,0,0,0,48.66473426,0.05,0.05,121.6618357,9.069223334,39.59551093,232.6558505,39.59551093,
105383,33,M,College,Single,$100k to $120k,112500,1/31/2021,9,13100,0.147547125,753,0,0,0,0,0,10196.13427,0.032390834,38.65734672,0,0,0,38.65734672,0.05,0.05,96.6433668,-25.01846886,63.67581558,296.3316661,63.67581558,
105383,33,M,College,Single,$100k to $120k,112500,2/28/2021,10,13100,0.165273746,752,0,0,0,0,0,9892.470207,0.032390834,43.30172139,0,0,0,43.30172139,0.05,0.05,108.2543035,11.61093667,31.69078472,328.0224508,31.69078472,
105383,33,M,College,Single,$100k to $120k,112500,3/31/2021,11,13100,0.165829812,752,0,0,0,0,0,9588.806141,0.032390834,43.44741075,0,0,0,43.44741075,0.05,0.05,108.6185269,0.364223401,43.08318735,371.1056381,43.08318735,
105383,33,M,College,Single,$100k to $120k,112500,4/30/2021,12,13100,0.182818857,751,0,0,0,0,0,9285.142076,0.032390834,47.8985405,0,0,100,147.8985405,0.05,0.05,119.7463512,11.12782437,136.7707161,507.8763543,136.7707161,
105383,33,M,College,Single,$100k to $120k,112500,5/31/2021,13,13100,0.161826533,752,0,0,0,0,0,8981.47801,0.032390834,42.39855175,0,0,0,42.39855175,0.05,0.05,105.9963794,-13.74997187,56.14852362,564.0248779,56.14852362,
105383,33,M,College,Single,$100k to $120k,112500,6/30/2021,14,13100,0.182362118,751,0,0,0,0,0,8677.813944,0.032390834,47.77887494,0,0,0,47.77887494,0.05,0.05,119.4471874,13.45080799,34.32806696,598.3529448,34.32806696,
105383,33,M,College,Single,$100k to $120k,112500,7/31/2021,15,13100,0.173157671,752,0,0,0,0,0,8374.149878,0.032390834,45.36730968,0,0,0,45.36730968,0.05,0.05,113.4182742,-6.028913169,51.39622285,649.7491677,51.39622285,
105383,33,M,College,Single,$100k to $120k,112500,8/31/2021,16,13100,0.177459067,751,0,0,0,0,0,8070.485812,0.032390834,46.49427549,0,0,0,46.49427549,0.05,0.05,116.2356887,2.817414527,43.67686096,693.4260286,43.67686096,
105383,33,M,College,Single,$100k to $120k,112500,9/30/2021,17,13100,0.145180929,753,0,0,0,0,0,7766.821746,0.032390834,38.03740349,0,0,0,38.03740349,0.05,0.05,95.09350872,-21.14217999,59.17958348,752.6056121,59.17958348,
105383,33,M,College,Single,$100k to $120k,112500,10/31/2021,18,13100,0.171542564,752,0,0,0,0,0,7463.15768,0.032390834,44.94415179,0,0,0,44.94415179,0.05,0.05,112.3603795,17.26687076,27.67728103,780.2828931,27.67728103,
105383,34,M,College,Single,$100k to $120k,112500,11/30/2021,19,13100,0.177892329,751,0,0,0,0,0,7159.493615,0.032390834,46.60779028,0,0,0,46.60779028,0.05,0.05,116.5194757,4.159096204,42.44869407,822.7315872,42.44869407,
105383,34,M,College,Single,$100k to $120k,112500,12/31/2021,20,13100,0.197357339,751,0,0,0,0,0,6855.829549,0.032390834,51.70762279,0,0,0,51.70762279,0.05,0.05,129.269057,12.74958128,38.95804151,861.6896287,38.95804151,
105383,34,M,College,Single,$100k to $120k,112500,1/31/2022,21,13100,0.177007658,751,0,0,0,0,0,6552.165483,0.032390834,46.37600629,0,0,0,46.37600629,0.05,0.05,115.9400157,-13.32904125,59.70504753,921.3946763,59.70504753,
105383,34,M,College,Single,$100k to $120k,112500,2/28/2022,22,13100,0.149637635,753,0,0,0,0,0,6248.501417,0.032390834,39.2050605,0,0,0,39.2050605,0.05,0.05,98.01265125,-17.92736447,57.13242497,978.5271012,57.13242497,
105383,34,M,College,Single,$100k to $120k,112500,3/31/2022,23,13100,0.190454124,751,0,0,0,0,0,5944.837351,0.032390834,49.89898062,0,0,0,49.89898062,0.05,0.05,124.7474515,26.73480029,23.16418032,1001.691282,23.16418032,
105383,34,M,College,Single,$100k to $120k,112500,4/30/2022,24,13100,0.148073927,753,0,0,0,0,0,5641.173285,0.032390834,38.79536888,0,0,100,138.7953689,0.05,0.05,96.98842221,-27.75902933,166.5543982,1168.24568,166.5543982,
105383,34,M,College,Single,$100k to $120k,112500,5/31/2022,25,13100,0.169269713,752,0,0,0,0,0,5337.509219,0.032390834,44.34866481,0,0,0,44.34866481,0.05,0.05,110.871662,13.88323983,30.46542499,1198.711105,30.46542499,
105383,34,M,College,Single,$100k to $120k,112500,6/30/2022,26,13100,0.192174868,751,0,0,0,0,0,5033.845154,0.032390834,50.3498153,0,0,0,50.3498153,0.05,0.05,125.8745382,15.0028762,35.34693909,1234.058044,35.34693909,
105383,34,M,College,Single,$100k to $120k,112500,7/31/2022,27,13100,0.133371329,753,0,0,0,0,0,4730.181088,0.032390834,34.94328829,0,0,0,34.94328829,0.05,0.05,87.35822073,-38.51631751,73.4596058,1307.51765,73.4596058,
105383,34,M,College,Single,$100k to $120k,112500,8/31/2022,28,13100,0.13551916,753,0,0,0,0,0,4426.517022,0.032390834,35.50601991,0,0,0,35.50601991,0.05,0.05,88.76504977,1.406829042,34.09919087,1341.616841,34.09919087,
105383,34,M,College,Single,$100k to $120k,112500,9/30/2022,29,13100,0.196537156,750,0,0,3,0,0,308971.0369,0.286118991,51.49273493,0,0,0,51.49273493,0.05,0.05,128.7318373,39.96678754,11.52594738,1353.142788,11.52594738,
105383,34,M,College,Single,$100k to $120k,112500,10/31/2022,30,13100,0.162837742,750,0,0,3,0,0,306592.3354,0.286118991,42.66348836,0,0,0,42.66348836,0.05,0.05,106.6587209,-22.07311642,64.73660478,1417.879393,64.73660478,
105383,35,M,College,Single,$100k to $120k,112500,11/30/2022,31,13100,0.153334987,750,0,0,3,0,0,304213.6339,0.286118991,40.17376646,0,0,0,40.17376646,0.05,0.05,100.4344162,-6.224304733,46.3980712,1464.277464,46.3980712,
105383,35,M,College,Single,$100k to $120k,112500,12/31/2022,32,13100,0.154093148,750,0,0,3,0,0,301834.9325,0.286118991,40.37240465,0,0,0,40.37240465,0.05,0.05,100.9310116,0.496595454,39.87580919,1504.153273,39.87580919,
105383,35,M,College,Single,$100k to $120k,112500,1/31/2023,33,13100,0.292679578,750,1,0,3,0,3258.987106,304906.3506,0.35564405,76.68204955,0,66.83639389,0,143.5184434,0.05,0.2,766.8204955,665.8894839,-522.3710404,981.7822327,-522.3710404,
105383,35,M,College,Single,$100k to $120k,112500,2/28/2023,34,13100,0.315162595,745,1,0,3,0,3509.335494,302044.0113,0.360984815,82.57259987,0,71.9706221,0,154.543222,0.05,0.2,825.7259987,58.90550321,95.63771875,1077.419951,95.63771875,
105383,35,M,College,Single,$100k to $120k,112500,3/31/2023,35,13100,0.336472235,745,1,0,3,0,3746.618339,301933.9854,0.366046849,88.15572563,0,76.83689777,0,164.9926234,0.05,0.2,881.5572563,55.83125758,109.1613658,1186.581317,109.1613658,
105383,35,M,College,Single,$100k to $120k,112500,4/30/2023,36,13100,0.358070483,745,1,0,3,0,3987.114824,301989.3542,0.371177441,93.81446645,0,81.76907985,100,275.5835463,0.05,0.2,938.1446645,56.58740825,218.9961381,1405.577455,218.9961381,
105383,35,M,College,Single,$100k to $120k,112500,5/31/2023,37,13100,0.371729654,745,1,0,3,0,4139.209701,301983.0252,0.374422132,97.39316943,0,84.88829228,0,182.2814617,0.05,0.2,973.9316943,35.78702977,146.4944319,1552.071887,146.4944319,
105383,35,M,College,Single,$100k to $120k,112500,6/30/2023,38,13100,0.393742009,745,1,0,3,0,4384.317268,301919.28,0.379651093,103.1604063,0,89.91503996,0,193.0754463,0.05,0.2,1031.604063,57.67236871,135.4030776,1687.474965,135.4030776,
105383,35,M,College,Single,$100k to $120k,112500,7/31/2023,39,13100,0.417211791,740,1,0,3,0,4645.653298,302028.434,0.385226262,109.3094894,0,95.27460639,0,204.5840958,0.05,0.2,1093.094894,61.49083067,143.0932651,1830.56823,143.0932651,
105383,35,M,College,Single,$100k to $120k,112500,8/31/2023,40,13100,0.434152527,740,1,0,3,0,4834.288393,301999.2036,0.389250477,113.7479622,0,99.1431978,0,212.89116,0.05,0.2,1137.479622,44.38472833,168.5064317,1999.074662,168.5064317,
105383,35,M,College,Single,$100k to $120k,112500,9/30/2023,41,13100,0.429140212,740,2,1,4,0,4778.476259,301725.8923,0.388059818,112.4347355,0,97.99858395,0,210.4333195,0.05,0.35,1967.607871,830.1282495,-619.69493,1379.379731,-619.69493,
105383,35,M,College,Single,$100k to $120k,112500,10/31/2023,42,13100,0.470140359,740,2,1,4,0,5235.012893,302228.2341,0.397799267,123.1767739,0,107.3613894,0,230.5381633,0.05,0.35,2155.593544,187.9856725,42.55249087,1421.932222,42.55249087,
105383,36,M,College,Single,$100k to $120k,112500,11/30/2023,43,13100,0.524690111,735,2,1,4,0,5842.424391,302248.0595,0.410757378,137.4688092,0,119.8183869,0,257.2871961,0.05,0.35,2405.704161,250.110617,7.176579054,1429.108801,7.176579054,
105383,36,M,College,Single,$100k to $120k,112500,12/31/2023,44,13100,0.630093402,730,3,2,4,0,7016.090033,302842.4361,0.510633873,165.0844714,0,143.8883131,0,308.9727845,0.05,0.5,4127.111784,1721.407623,-1412.434839,16.67396252,-1412.434839,
105383,36,M,College,Single,$100k to $120k,112500,1/31/2024,45,13100,0.707287321,725,3,2,4,0,7875.644319,302642.4018,0.53813961,185.3092781,0,161.5163389,0,346.825617,0.05,0.5,4632.731953,505.6201681,-158.7945511,-142.1205886,-158.7945511,
105383,36,M,College,Single,$100k to $120k,112500,2/29/2024,46,13100,0.770538023,725,3,2,4,0,8579.940885,302421.6307,0.5606771,201.880962,0,175.9602877,0,377.8412497,0.05,0.5,5047.02405,414.2920977,-36.45084799,-178.5714366,-36.45084799,
105383,36,M,College,Single,$100k to $120k,112500,3/31/2024,47,13100,0.844335839,720,3,2,4,0,9401.679564,302540.8265,0.586972738,221.2159897,0,192.8127784,0,414.0287681,0.05,0.5,5530.399743,483.3756933,-69.34692513,-247.9183617,-69.34692513,
105383,36,M,College,Single,$100k to $120k,112500,4/30/2024,48,13100,0.917160698,695,3,2,4,1,10212.58437,302534.208,0.612921691,240.2961029,30,0,100,370.2961029,0.15,0.6,7208.883086,1678.483343,-1308.18724,-1556.105602,-1308.18724,
105383,36,M,College,Single,$100k to $120k,112500,5/31/2024,49,13100,0.963430735,675,4,4,4,2,12620.94263,304139.1418,0.824612544,46.61124622,30,0,0,76.61124622,0.4,0.9,11358.84837,4149.965283,-4073.354036,-5629.459638,-4073.354036,
105383,36,M,College,Single,$100k to $120k,112500,6/30/2024,50,13100,0.97190868,655,4,4,4,3,12732.00371,301768.1671,0.82935115,1.588641117,30,0,0,31.58864112,0.65,0.9,11458.80334,99.95496742,-68.36632631,-5697.825964,-68.36632631,
105383,36,M,College,Single,$100k to $120k,112500,7/31/2024,51,13100,0.982448718,635,4,4,4,4,12732.00371,301756.9791,0.82935115,0,0,0,0,0,0.72,0.9,11583.07038,124.2670482,-124.2670482,-5822.093013,-124.2670482,
105383,36,M,College,Single,$100k to $120k,112500,8/31/2024,52,13100,0.989268388,615,4,4,4,5,12732.00371,301655.1739,0.82935115,0,0,0,0,0,0.8,0.9,11663.47429,80.40390669,-80.40390669,-5902.496919,-80.40390669,
105383,36,M,College,Single,$100k to $120k,112500,9/30/2024,53,13100,0.99,595,4,4,4,6,12732.00371,301771.5616,0.82935115,0,0,0,0,0,0.84,0.9,11672.1,8.625708803,-8.625708803,-5911.122628,-8.625708803,
105383,36,M,College,Single,$100k to $120k,112500,10/31/2024,54,13100,0.99,575,4,4,4,7,12732.00371,301819.6942,0.82935115,0,0,0,0,0,0.86,0.9,11672.1,0,0,-5911.122628,0,
105384,32,M,College,Single,$100k to $120k,112500,5/31/2020,1,13100,0.162132926,752,0,0,0,0,0,12701.58808,0.03533718,42.47882661,0,0,0,42.47882661,0.05,0.05,106.1970665,106.1970665,-63.71823991,-63.71823991,-63.71823991,
105384,32,M,College,Single,$100k to $120k,112500,6/30/2020,2,13100,0.134578368,753,0,0,0,0,0,12370.30202,0.03533718,35.25953232,0,0,0,35.25953232,0.05,0.05,88.14883081,-18.04823572,53.30776804,-10.41047188,53.30776804,
105384,32,M,College,Single,$100k to $120k,112500,7/31/2020,3,13100,0.188161855,751,0,0,0,0,0,12039.01596,0.03533718,49.2984059,0,0,0,49.2984059,0.05,0.05,123.2460148,35.09718395,14.20122195,3.790750077,14.20122195,
105384,32,M,College,Single,$100k to $120k,112500,8/31/2020,4,13100,0.166190153,752,0,0,0,0,0,11707.7299,0.03533718,43.5418201,0,0,0,43.5418201,0.05,0.05,108.8545503,-14.39146451,57.93328461,61.72403469,57.93328461,
105384,32,M,College,Single,$100k to $120k,112500,9/30/2020,5,13100,0.183855493,751,0,0,0,0,0,11376.44384,0.03533718,48.17013923,0,0,0,48.17013923,0.05,0.05,120.4253481,11.57079783,36.5993414,98.32337609,36.5993414,
105384,32,M,College,Single,$100k to $120k,112500,10/31/2020,6,13100,0.17172159,752,0,0,0,0,0,11045.15778,0.03533718,44.99105664,0,0,0,44.99105664,0.05,0.05,112.4776416,-7.947706494,52.93876313,151.2621392,52.93876313,
105384,33,M,College,Single,$100k to $120k,112500,11/30/2020,7,13100,0.182005208,751,0,0,0,0,0,10713.87172,0.03533718,47.68536455,0,0,0,47.68536455,0.05,0.05,119.2134114,6.735769776,40.94959477,192.211734,40.94959477,
105384,33,M,College,Single,$100k to $120k,112500,12/31/2020,8,13100,0.131654538,753,0,0,0,0,0,10382.58565,0.03533718,34.4934889,0,0,0,34.4934889,0.05,0.05,86.23372225,-32.97968911,67.47317801,259.684912,67.47317801,
105384,33,M,College,Single,$100k to $120k,112500,1/31/2021,9,13100,0.154676774,752,0,0,0,0,0,10051.29959,0.03533718,40.52531469,0,0,0,40.52531469,0.05,0.05,101.3132867,15.07956447,25.44575022,285.1306622,25.44575022,
105384,33,M,College,Single,$100k to $120k,112500,2/28/2021,10,13100,0.192960398,751,0,0,0,0,0,9720.013532,0.03533718,50.55562416,0,0,0,50.55562416,0.05,0.05,126.3890604,25.07577366,25.47985049,310.6105127,25.47985049,
105384,33,M,College,Single,$100k to $120k,112500,3/31/2021,11,13100,0.167883357,752,0,0,0,0,0,9388.72747,0.03533718,43.98543944,0,0,0,43.98543944,0.05,0.05,109.9635986,-16.42546179,60.41090123,371.0214139,60.41090123,
105384,33,M,College,Single,$100k to $120k,112500,4/30/2021,12,13100,0.192548284,751,0,0,0,0,0,9057.441409,0.03533718,50.44765028,0,0,100,150.4476503,0.05,0.05,126.1191257,16.15552709,134.2921232,505.3135371,134.2921232,
105384,33,M,College,Single,$100k to $120k,112500,5/31/2021,13,13100,0.133977029,753,0,0,0,0,0,8726.155347,0.03533718,35.10198163,0,0,0,35.10198163,0.05,0.05,87.75495407,-38.36417162,73.46615325,578.7796904,73.46615325,
105384,33,M,College,Single,$100k to $120k,112500,6/30/2021,14,13100,0.186544858,751,0,0,0,0,0,8394.869286,0.03533718,48.87475268,0,0,0,48.87475268,0.05,0.05,122.1868817,34.43192762,14.44282506,593.2225154,14.44282506,
105384,33,M,College,Single,$100k to $120k,112500,7/31/2021,15,13100,0.18295962,751,0,0,0,0,0,8063.583225,0.03533718,47.93542045,0,0,0,47.93542045,0.05,0.05,119.8385511,-2.348330569,50.28375102,643.5062665,50.28375102,
105384,33,M,College,Single,$100k to $120k,112500,8/31/2021,16,13100,0.191841643,751,0,0,0,0,0,7732.297163,0.03533718,50.26251054,0,0,0,50.26251054,0.05,0.05,125.6562763,5.817725211,44.44478532,687.9510518,44.44478532,
105384,33,M,College,Single,$100k to $120k,112500,9/30/2021,17,13100,0.186221256,751,0,0,0,0,0,7401.011102,0.03533718,48.78996903,0,0,0,48.78996903,0.05,0.05,121.9749226,-3.681353764,52.47132279,740.4223746,52.47132279,
105384,33,M,College,Single,$100k to $120k,112500,10/31/2021,18,13100,0.165793723,752,0,0,0,0,0,7069.725041,0.03533718,43.43795548,0,0,0,43.43795548,0.05,0.05,108.5948887,-13.38003387,56.81798935,797.2403639,56.81798935,
105384,34,M,College,Single,$100k to $120k,112500,11/30/2021,19,13100,0.166950291,752,0,0,0,0,0,6738.438979,0.03533718,43.74097632,0,0,0,43.74097632,0.05,0.05,109.3524408,0.757552102,42.98342422,840.2237881,42.98342422,
105384,34,M,College,Single,$100k to $120k,112500,12/31/2021,20,13100,0.181169668,751,0,0,0,0,0,6407.152918,0.03533718,47.4664531,0,0,0,47.4664531,0.05,0.05,118.6661328,9.313691949,38.15276115,878.3765493,38.15276115,
105384,34,M,College,Single,$100k to $120k,112500,1/31/2022,21,13100,0.137918965,753,0,0,0,0,0,6075.866857,0.03533718,36.13476886,0,0,0,36.13476886,0.05,0.05,90.33692214,-28.32921062,64.46397947,942.8405288,64.46397947,
105384,34,M,College,Single,$100k to $120k,112500,2/28/2022,22,13100,0.171070736,752,0,0,0,0,0,5744.580795,0.03533718,44.82053288,0,0,0,44.82053288,0.05,0.05,112.0513322,21.71441006,23.10612282,965.9466516,23.10612282,
105384,34,M,College,Single,$100k to $120k,112500,3/31/2022,23,13100,0.187486565,751,0,0,0,0,0,5413.294734,0.03533718,49.1214801,0,0,0,49.1214801,0.05,0.05,122.8037003,10.75236805,38.36911205,1004.315764,38.36911205,
105384,34,M,College,Single,$100k to $120k,112500,4/30/2022,24,13100,0.169473013,752,0,0,0,0,0,5082.008673,0.03533718,44.40192943,0,0,100,144.4019294,0.05,0.05,111.0048236,-11.79887668,156.2008061,1160.51657,156.2008061,
105384,34,M,College,Single,$100k to $120k,112500,5/31/2022,25,13100,0.180197761,751,0,0,0,0,0,4750.722611,0.03533718,47.21181343,0,0,0,47.21181343,0.05,0.05,118.0295336,7.024709993,40.18710343,1200.703673,40.18710343,
105384,34,M,College,Single,$100k to $120k,112500,6/30/2022,26,13100,0.163178489,752,0,0,0,0,0,4419.43655,0.03533718,42.75276403,0,0,0,42.75276403,0.05,0.05,106.8819101,-11.14762348,53.90038751,1254.604061,53.90038751,
105384,34,M,College,Single,$100k to $120k,112500,7/31/2022,27,13100,0.149384095,753,0,0,0,0,0,4088.150488,0.03533718,39.13863294,0,0,0,39.13863294,0.05,0.05,97.84658236,-9.035327728,48.17396067,1302.778021,48.17396067,
105384,34,M,College,Single,$100k to $120k,112500,8/31/2022,28,13100,0.147481495,753,0,0,0,0,0,3756.864427,0.03533718,38.64015171,0,0,0,38.64015171,0.05,0.05,96.60037926,-1.246203097,39.8863548,1342.664376,39.8863548,
105384,34,M,College,Single,$100k to $120k,112500,9/30/2022,29,13100,0.136949853,750,0,0,3,0,0,309404.9757,0.276875829,35.88086136,0,0,0,35.88086136,0.05,0.05,89.70215339,-6.89822587,42.77908723,1385.443463,42.77908723,
105384,34,M,College,Single,$100k to $120k,112500,10/31/2022,30,13100,0.164177,750,0,0,3,0,0,307140.5508,0.276875829,43.01437394,0,0,0,43.01437394,0.05,0.05,107.5359349,17.83378146,25.18059248,1410.624056,25.18059248,
105384,35,M,College,Single,$100k to $120k,112500,11/30/2022,31,13100,0.188985503,750,0,0,3,0,0,304876.126,0.276875829,49.51420174,0,0,0,49.51420174,0.05,0.05,123.7855044,16.2495695,33.26463224,1443.888688,33.26463224,
105384,35,M,College,Single,$100k to $120k,112500,12/31/2022,32,13100,0.159855944,750,0,0,3,0,0,302611.7011,0.276875829,41.88225745,0,0,0,41.88225745,0.05,0.05,104.7056436,-19.07986073,60.96211818,1504.850806,60.96211818,
105384,35,M,College,Single,$100k to $120k,112500,1/31/2023,33,13100,0.295006073,750,1,0,3,0,3284.892624,305722.4977,0.346953538,77.29159114,0,67.36767289,0,144.659264,0.05,0.2,772.9159114,668.2102678,-523.5510038,981.2998025,-523.5510038,
105384,35,M,College,Single,$100k to $120k,112500,2/28/2023,34,13100,0.312200553,745,1,0,3,0,3476.353159,302715.2046,0.35103803,81.79654493,0,71.29420938,0,153.0907543,0.05,0.2,817.9654493,45.04953783,108.0412165,1089.341019,108.0412165,
105384,35,M,College,Single,$100k to $120k,112500,3/31/2023,35,13100,0.336509128,745,1,0,3,0,3747.02914,302706.0777,0.356812451,88.16539152,0,76.8453226,0,165.0107141,0.05,0.2,881.6539152,63.68846593,101.3222482,1190.663267,101.3222482,
105384,35,M,College,Single,$100k to $120k,112500,4/30/2023,36,13100,0.354149457,745,1,0,3,0,3943.454207,302651.3497,0.361002852,92.78715782,0,80.87367337,100,273.6608312,0.05,0.2,927.8715782,46.21766297,227.4431682,1418.106435,227.4431682,
105384,35,M,College,Single,$100k to $120k,112500,5/31/2023,37,13100,0.373131281,745,1,0,3,0,4154.816809,302759.3811,0.365511921,97.76039551,0,85.20836806,0,182.9687636,0.05,0.2,977.6039551,49.73237693,133.2363866,1551.342822,133.2363866,
105384,35,M,College,Single,$100k to $120k,112500,6/30/2023,38,13100,0.393593633,745,1,0,3,0,4382.665104,302696.5115,0.370372684,103.1215319,0,89.88115684,0,193.0026887,0.05,0.2,1031.215319,53.61136349,139.3913252,1690.734147,139.3913252,
105384,35,M,College,Single,$100k to $120k,112500,7/31/2023,39,13100,0.415603689,740,1,0,3,0,4627.747078,302815.655,0.3756011,108.8881666,0,94.90737967,0,203.7955462,0.05,0.2,1088.881666,57.66634695,146.1291993,1836.863347,146.1291993,
105384,35,M,College,Single,$100k to $120k,112500,8/31/2023,40,13100,0.436150261,740,1,0,3,0,4856.533151,302796.2725,0.380481869,114.2713683,0,99.59940071,0,213.870769,0.05,0.2,1142.713683,53.83201709,160.0387519,1996.902098,160.0387519,
105384,35,M,College,Single,$100k to $120k,112500,9/30/2023,41,13100,0.426186733,740,2,1,4,0,4745.589272,302317.5396,0.378115067,111.660924,0,97.32412665,0,208.9850507,0.05,0.35,1954.066171,811.3524881,-602.3674374,1394.534661,-602.3674374,
105384,35,M,College,Single,$100k to $120k,112500,10/31/2023,42,13100,0.478432685,740,2,1,4,0,5327.347952,303010.4675,0.390525919,125.3493636,0,109.2550276,0,234.6043912,0.05,0.35,2193.613863,239.5476921,-4.943300887,1389.59136,-4.943300887,
105384,36,M,College,Single,$100k to $120k,112500,11/30/2023,43,13100,0.527115281,735,2,1,4,0,5869.428651,303100.5414,0.402090307,138.1042036,0,120.3721993,0,258.4764028,0.05,0.35,2416.823562,223.2096996,35.26670326,1424.858063,35.26670326,
105384,36,M,College,Single,$100k to $120k,112500,12/31/2023,44,13100,0.635762527,730,3,2,4,0,7079.215739,303682.4605,0.503410733,166.5697821,0,145.1829161,0,311.7526982,0.05,0.5,4164.244552,1747.42099,-1435.668292,-10.81022853,-1435.668292,
105384,36,M,College,Single,$100k to $120k,112500,1/31/2024,45,13100,0.704008779,725,3,2,4,0,7839.137759,303191.977,0.527728237,184.4503002,0,160.7676502,0,345.2179504,0.05,0.5,4611.257505,447.0129526,-101.7950022,-112.6052307,-101.7950022,
105384,36,M,College,Single,$100k to $120k,112500,2/29/2024,46,13100,0.777890602,725,3,2,4,0,8661.811849,303342.2302,0.554053808,203.8073376,0,177.6393247,0,381.4466623,0.05,0.5,5095.183441,483.9259355,-102.4792732,-215.084504,-102.4792732,
105384,36,M,College,Single,$100k to $120k,112500,3/31/2024,47,13100,0.847180941,720,3,2,4,0,9433.359776,303263.0201,0.578743342,221.9614065,0,193.4624867,0,415.4238933,0.05,0.5,5549.035163,453.851722,-38.42782878,-253.5123327,-38.42782878,
105384,36,M,College,Single,$100k to $120k,112500,4/30/2024,48,13100,0.91306701,695,3,2,4,1,10167.00116,303296.4127,0.602219866,239.2235566,30,0,100,369.2235566,0.15,0.6,7176.706698,1627.671535,-1258.447979,-1511.960311,-1258.447979,
105384,36,M,College,Single,$100k to $120k,112500,5/31/2024,49,13100,0.966583401,675,4,4,4,2,12662.24255,304945.3825,0.817131511,48.31398846,30,0,0,78.31398846,0.4,0.9,11396.01829,4219.311595,-4140.997606,-5652.957918,-4140.997606,
105384,36,M,College,Single,$100k to $120k,112500,6/30/2024,50,13100,0.974590436,655,4,4,4,3,12767.13472,302563.6875,0.82160691,1.467742407,30,0,0,31.46774241,0.65,0.9,11490.42124,94.40295108,-62.93520867,-5715.893126,-62.93520867,
105384,36,M,College,Single,$100k to $120k,112500,7/31/2024,51,13100,0.979675939,635,4,4,4,4,12767.13472,302527.3507,0.82160691,0,0,0,0,0,0.72,0.9,11550.37932,59.95807979,-59.95807979,-5775.851206,-59.95807979,
105384,36,M,College,Single,$100k to $120k,112500,8/31/2024,52,13100,0.989352828,615,4,4,4,5,12767.13472,302436.6432,0.82160691,0,0,0,0,0,0.8,0.9,11664.46985,114.0905245,-114.0905245,-5889.941731,-114.0905245,
105384,36,M,College,Single,$100k to $120k,112500,9/30/2024,53,13100,0.99,595,4,4,4,6,12767.13472,302601.0548,0.82160691,0,0,0,0,0,0.84,0.9,11672.1,7.630152134,-7.630152134,-5897.571883,-7.630152134,
105384,36,M,College,Single,$100k to $120k,112500,10/31/2024,54,13100,0.99,575,4,4,4,7,12767.13472,302567.2781,0.82160691,0,0,0,0,0,0.86,0.9,11672.1,0,0,-5897.571883,0,
105385,32,M,College,Single,$100k to $120k,112500,5/31/2020,1,13500,0.190778257,751,0,0,0,0,0,12543.78107,0.036200072,51.51012944,0,0,0,51.51012944,0.05,0.05,128.7753236,128.7753236,-77.26519416,-77.26519416,-77.26519416,
105385,32,M,College,Single,$100k to $120k,112500,6/30/2020,2,13500,0.177915054,751,0,0,0,0,0,12204.4054,0.036200072,48.03706469,0,0,0,48.03706469,0.05,0.05,120.0926617,-8.682661877,56.71972657,-20.5454676,56.71972657,
105385,32,M,College,Single,$100k to $120k,112500,7/31/2020,3,13500,0.189787131,751,0,0,0,0,0,11865.02973,0.036200072,51.24252527,0,0,0,51.24252527,0.05,0.05,128.1063132,8.013651454,43.22887382,22.68340622,43.22887382,
105385,32,M,College,Single,$100k to $120k,112500,8/31/2020,4,13500,0.192241144,751,0,0,0,0,0,11525.65405,0.036200072,51.90510877,0,0,0,51.90510877,0.05,0.05,129.7627719,1.65645873,50.24865004,72.93205626,50.24865004,
105385,32,M,College,Single,$100k to $120k,112500,9/30/2020,5,13500,0.177260646,751,0,0,0,0,0,11186.27838,0.036200072,47.8603744,0,0,0,47.8603744,0.05,0.05,119.650936,-10.11183592,57.97221032,130.9042666,57.97221032,
105385,32,M,College,Single,$100k to $120k,112500,10/31/2020,6,13500,0.152776803,752,0,0,0,0,0,10846.90271,0.036200072,41.24973683,0,0,0,41.24973683,0.05,0.05,103.1243421,-16.52659392,57.77633075,188.6805973,57.77633075,
105385,33,M,College,Single,$100k to $120k,112500,11/30/2020,7,13500,0.142125923,753,0,0,0,0,0,10507.52704,0.036200072,38.3739993,0,0,0,38.3739993,0.05,0.05,95.93499826,-7.189343807,45.56334311,234.2439404,45.56334311,
105385,33,M,College,Single,$100k to $120k,112500,12/31/2020,8,13500,0.191098087,751,0,0,0,0,0,10168.15137,0.036200072,51.5964836,0,0,0,51.5964836,0.05,0.05,128.991209,33.05621073,18.54027287,252.7842133,18.54027287,
105385,33,M,College,Single,$100k to $120k,112500,1/31/2021,9,13500,0.16624659,752,0,0,0,0,0,9828.775701,0.036200072,44.88657927,0,0,0,44.88657927,0.05,0.05,112.2164482,-16.77476083,61.66134009,314.4455534,61.66134009,
105385,33,M,College,Single,$100k to $120k,112500,2/28/2021,10,13500,0.167405156,752,0,0,0,0,0,9489.40003,0.036200072,45.19939214,0,0,0,45.19939214,0.05,0.05,112.9984803,0.782032172,44.41735996,358.8629134,44.41735996,
105385,33,M,College,Single,$100k to $120k,112500,3/31/2021,11,13500,0.189301687,751,0,0,0,0,0,9150.024359,0.036200072,51.11145549,0,0,0,51.11145549,0.05,0.05,127.7786387,14.78015839,36.3312971,395.1942105,36.3312971,
105385,33,M,College,Single,$100k to $120k,112500,4/30/2021,12,13500,0.149009614,753,0,0,0,0,0,8810.648688,0.036200072,40.2325957,0,0,100,140.2325957,0.05,0.05,100.5814892,-27.19714949,167.4297452,562.6239556,167.4297452,
105385,33,M,College,Single,$100k to $120k,112500,5/31/2021,13,13500,0.177007935,751,0,0,0,0,0,8471.273017,0.036200072,47.79214256,0,0,0,47.79214256,0.05,0.05,119.4803564,18.89886716,28.8932754,591.517231,28.8932754,
105385,33,M,College,Single,$100k to $120k,112500,6/30/2021,14,13500,0.144314979,753,0,0,0,0,0,8131.897347,0.036200072,38.96504425,0,0,0,38.96504425,0.05,0.05,97.41261062,-22.06774577,61.03279002,652.5500211,61.03279002,
105385,33,M,College,Single,$100k to $120k,112500,7/31/2021,15,13500,0.185099057,751,0,0,0,0,0,7792.521676,0.036200072,49.97674541,0,0,0,49.97674541,0.05,0.05,124.9418635,27.52925291,22.4474925,674.9975136,22.4474925,
105385,33,M,College,Single,$100k to $120k,112500,8/31/2021,16,13500,0.175549461,751,0,0,0,0,0,7453.146005,0.036200072,47.39835452,0,0,0,47.39835452,0.05,0.05,118.4958863,-6.445977237,53.84433176,728.8418453,53.84433176,
105385,33,M,College,Single,$100k to $120k,112500,9/30/2021,17,13500,0.174591898,752,0,0,0,0,0,7113.770334,0.036200072,47.13981239,0,0,0,47.13981239,0.05,0.05,117.849531,-0.64635531,47.7861677,776.628013,47.7861677,
105385,33,M,College,Single,$100k to $120k,112500,10/31/2021,18,13500,0.186571686,751,0,0,0,0,0,6774.394663,0.036200072,50.37435528,0,0,0,50.37435528,0.05,0.05,125.9358882,8.086357202,42.28799807,818.9160111,42.28799807,
105385,34,M,College,Single,$100k to $120k,112500,11/30/2021,19,13500,0.146909957,753,0,0,0,0,0,6435.018992,0.036200072,39.66568832,0,0,0,39.66568832,0.05,0.05,99.16422079,-26.7716674,66.43735571,885.3533668,66.43735571,
105385,34,M,College,Single,$100k to $120k,112500,12/31/2021,20,13500,0.138854335,753,0,0,0,0,0,6095.643322,0.036200072,37.49067043,0,0,0,37.49067043,0.05,0.05,93.72667607,-5.437544719,42.92821515,928.281582,42.92821515,
105385,34,M,College,Single,$100k to $120k,112500,1/31/2022,21,13500,0.143476786,753,0,0,0,0,0,5756.267651,0.036200072,38.73873233,0,0,0,38.73873233,0.05,0.05,96.84683083,3.120154759,35.61857757,963.9001595,35.61857757,
105385,34,M,College,Single,$100k to $120k,112500,2/28/2022,22,13500,0.153019975,752,0,0,0,0,0,5416.89198,0.036200072,41.31539323,0,0,0,41.31539323,0.05,0.05,103.2884831,6.44165225,34.87374098,998.7739005,34.87374098,
105385,34,M,College,Single,$100k to $120k,112500,3/31/2022,23,13500,0.191506301,751,0,0,0,0,0,5077.516309,0.036200072,51.7067014,0,0,0,51.7067014,0.05,0.05,129.2667535,25.97827042,25.72843098,1024.502332,25.72843098,
105385,34,M,College,Single,$100k to $120k,112500,4/30/2022,24,13500,0.193145578,751,0,0,0,0,0,4738.140638,0.036200072,52.14930596,0,0,100,152.149306,0.05,0.05,130.3732649,1.106511393,151.0427946,1175.545126,151.0427946,
105385,34,M,College,Single,$100k to $120k,112500,5/31/2022,25,13500,0.18217437,751,0,0,0,0,0,4398.764967,0.036200072,49.18707996,0,0,0,49.18707996,0.05,0.05,122.9676999,-7.405565002,56.59264496,1232.137771,56.59264496,
105385,34,M,College,Single,$100k to $120k,112500,6/30/2022,26,13500,0.161306677,752,0,0,0,0,0,4059.389297,0.036200072,43.5528027,0,0,0,43.5528027,0.05,0.05,108.8820067,-14.08569315,57.63849585,1289.776267,57.63849585,
105385,34,M,College,Single,$100k to $120k,112500,7/31/2022,27,13500,0.196402885,751,0,0,0,0,0,3720.013626,0.036200072,53.02877897,0,0,0,53.02877897,0.05,0.05,132.5719474,23.68994068,29.33883829,1319.115105,29.33883829,
105385,34,M,College,Single,$100k to $120k,112500,8/31/2022,28,13500,0.174951086,752,0,0,0,0,0,3380.637955,0.036200072,47.23679333,0,0,0,47.23679333,0.05,0.05,118.0919833,-14.47996411,61.71675744,1380.831863,61.71675744,
105385,34,M,College,Single,$100k to $120k,112500,9/30/2022,29,13500,0.178979526,750,0,0,3,0,0,348847.8663,0.252807733,48.32447213,0,0,0,48.32447213,0.05,0.05,120.8111803,2.719196992,45.60527513,1426.437138,45.60527513,
105385,34,M,College,Single,$100k to $120k,112500,10/31/2022,30,13500,0.160900194,750,0,0,3,0,0,346817.1695,0.252807733,43.44305233,0,0,0,43.44305233,0.05,0.05,108.6076308,-12.20354948,55.64660182,1482.08374,55.64660182,
105385,35,M,College,Single,$100k to $120k,112500,11/30/2022,31,13500,0.147624471,750,0,0,3,0,0,344786.4727,0.252807733,39.85860726,0,0,0,39.85860726,0.05,0.05,99.64651814,-8.961112686,48.81971994,1530.90346,48.81971994,
105385,35,M,College,Single,$100k to $120k,112500,12/31/2022,32,13500,0.18390239,750,0,0,3,0,0,342755.7759,0.252807733,49.65364542,0,0,0,49.65364542,0.05,0.05,124.1341135,24.4875954,25.16605002,1556.06951,25.16605002,
105385,35,M,College,Single,$100k to $120k,112500,1/31/2023,33,13500,0.296536974,750,1,0,3,0,3402.761777,345964.9245,0.325399984,80.06498299,0,69.78497278,0,149.8499558,0.05,0.2,800.6498299,676.5157164,-526.6657606,1029.403749,-526.6657606,
105385,35,M,College,Single,$100k to $120k,112500,2/28/2023,34,13500,0.313616685,745,1,0,3,0,3598.751458,342801.5532,0.329581097,84.6765049,0,73.80439449,0,158.4808994,0.05,0.2,846.765049,46.1152191,112.3656803,1141.769429,112.3656803,
105385,35,M,College,Single,$100k to $120k,112500,3/31/2023,35,13500,0.338866023,745,1,0,3,0,3888.487611,342902.4069,0.335762135,91.49382614,0,79.74640009,0,171.2402262,0.05,0.2,914.9382614,68.17321237,103.0670139,1244.836443,103.0670139,
105385,35,M,College,Single,$100k to $120k,112500,4/30/2023,36,13500,0.356753706,745,1,0,3,0,4093.748774,342877.9351,0.34014104,96.32350057,0,83.95596445,100,280.279465,0.05,0.2,963.2350057,48.29674436,231.9827207,1476.819164,231.9827207,
105385,35,M,College,Single,$100k to $120k,112500,5/31/2023,37,13500,0.372177973,745,1,0,3,0,4270.74224,342831.778,0.3439169,100.4880527,0,87.58580544,0,188.0738581,0.05,0.2,1004.880527,41.64552134,146.4283368,1623.247501,146.4283368,
105385,35,M,College,Single,$100k to $120k,112500,6/30/2023,38,13500,0.390348459,745,1,0,3,0,4479.248565,342958.0573,0.348365035,105.3940839,0,91.86192265,0,197.2560065,0.05,0.2,1053.940839,49.0603117,148.1956948,1771.443195,148.1956948,
105385,35,M,College,Single,$100k to $120k,112500,7/31/2023,39,13500,0.410722068,740,1,0,3,0,4713.035731,342802.778,0.353352495,110.8949584,0,96.65650779,0,207.5514662,0.05,0.2,1108.949584,55.00874508,152.5427211,1923.985916,152.5427211,
105385,35,M,College,Single,$100k to $120k,112500,8/31/2023,40,13500,0.432535773,740,1,0,3,0,4963.34799,342854.9261,0.35869249,116.7846586,0,101.789995,0,218.5746536,0.05,0.2,1167.846586,58.89700191,159.6776517,2083.663568,159.6776517,
105385,35,M,College,Single,$100k to $120k,112500,9/30/2023,41,13500,0.420213849,740,2,1,4,0,4821.953922,342451.6534,0.355676083,113.4577393,0,98.89023836,0,212.3479777,0.05,0.35,1985.510439,817.6638528,-605.3158751,1478.347693,-605.3158751,
105385,35,M,College,Single,$100k to $120k,112500,10/31/2023,42,13500,0.470037007,740,2,1,4,0,5393.67465,343237.7293,0.367872792,126.9099918,0,110.6152776,0,237.5252694,0.05,0.35,2220.924856,235.4144173,2.110852077,1480.458545,2.110852077,
105385,36,M,College,Single,$100k to $120k,112500,11/30/2023,43,13500,0.529135819,735,2,1,4,0,6071.833522,343292.9602,0.382340181,142.8666711,0,124.5231858,0,267.3898569,0.05,0.35,2500.166744,279.2418883,-11.85203139,1468.606514,-11.85203139,
105385,36,M,College,Single,$100k to $120k,112500,12/31/2023,44,13500,0.631883489,730,3,2,4,0,7250.86304,343805.6439,0.48483535,170.6085421,0,148.7031162,0,319.3116583,0.05,0.5,4265.213553,1765.046809,-1445.73515,22.87136349,-1445.73515,
105385,36,M,College,Single,$100k to $120k,112500,1/31/2024,45,13500,0.707005899,725,3,2,4,0,8112.892692,343446.4914,0.512420299,190.8915928,0,166.3819076,0,357.2735004,0.05,0.5,4772.289819,507.0762664,-149.802766,-126.9314025,-149.802766,
105385,36,M,College,Single,$100k to $120k,112500,2/29/2024,46,13500,0.779073302,725,3,2,4,0,8939.866138,343385.8255,0.538883449,210.3497915,0,183.3417547,0,393.6915462,0.05,0.5,5258.744787,486.4549678,-92.76342162,-219.6948241,-92.76342162,
105385,36,M,College,Single,$100k to $120k,112500,3/31/2024,47,13500,0.845640192,720,3,2,4,0,9703.721201,343373.9352,0.563326811,228.3228518,0,199.007149,0,427.3300008,0.05,0.5,5708.071295,449.326508,-21.99650727,-241.6913314,-21.99650727,
105385,36,M,College,Single,$100k to $120k,112500,4/30/2024,48,13500,0.914589564,695,3,2,4,1,10494.91524,343350.8526,0.58864502,246.9391822,30,0,100,376.9391822,0.15,0.6,7408.175465,1700.10417,-1323.164988,-1564.856319,-1323.164988,
105385,36,M,College,Single,$100k to $120k,112500,5/31/2024,49,13500,0.963082788,675,4,4,4,2,13001.61764,345185.107,0.807543419,48.53860211,30,0,0,78.53860211,0.4,0.9,11701.45588,4293.28041,-4214.741808,-5779.598127,-4214.741808,
105385,36,M,College,Single,$100k to $120k,112500,6/30/2024,50,13500,0.972044125,655,4,4,4,3,13122.59568,342781.7983,0.812705148,1.782994642,30,0,0,31.78299464,0.65,0.9,11810.33612,108.8802401,-77.09724543,-5856.695373,-77.09724543,
105385,36,M,College,Single,$100k to $120k,112500,7/31/2024,51,13500,0.981566186,635,4,4,4,4,13122.59568,342742.8503,0.812705148,0,0,0,0,0,0.72,0.9,11926.02916,115.6930401,-115.6930401,-5972.388413,-115.6930401,
105385,36,M,College,Single,$100k to $120k,112500,8/31/2024,52,13500,0.989543197,615,4,4,4,5,13122.59568,342561.8458,0.812705148,0,0,0,0,0,0.8,0.9,12022.94985,96.92069298,-96.92069298,-6069.309106,-96.92069298,
105385,36,M,College,Single,$100k to $120k,112500,9/30/2024,53,13500,0.99,595,4,4,4,6,13122.59568,342592.8027,0.812705148,0,0,0,0,0,0.84,0.9,12028.5,5.550151704,-5.550151704,-6074.859258,-5.550151704,
105385,36,M,College,Single,$100k to $120k,112500,10/31/2024,54,13500,0.99,575,4,4,4,7,13122.59568,342647.0132,0.812705148,0,0,0,0,0,0.86,0.9,12028.5,0,0,-6074.859258,0,
105386,32,M,College,Single,$100k to $120k,112500,5/31/2020,1,14000,0.177273641,751,0,0,0,0,0,12739.32654,0.036959023,49.63661935,0,0,0,49.63661935,0.05,0.05,124.0915484,124.0915484,-74.45492902,-74.45492902,-74.45492902,
105386,32,M,College,Single,$100k to $120k,112500,6/30/2020,2,14000,0.169815956,752,0,0,0,0,0,12392.83569,0.036959023,47.54846759,0,0,0,47.54846759,0.05,0.05,118.871169,-5.220379409,52.76884699,-21.68608203,52.76884699,
105386,32,M,College,Single,$100k to $120k,112500,7/31/2020,3,14000,0.171281646,752,0,0,0,0,0,12046.34485,0.036959023,47.95886101,0,0,0,47.95886101,0.05,0.05,119.8971525,1.025983554,46.93287745,25.24679542,46.93287745,
105386,32,M,College,Single,$100k to $120k,112500,8/31/2020,4,14000,0.155130388,752,0,0,0,0,0,11699.85401,0.036959023,43.43650868,0,0,0,43.43650868,0.05,0.05,108.5912717,-11.30588082,54.7423895,79.98918492,54.7423895,
105386,32,M,College,Single,$100k to $120k,112500,9/30/2020,5,14000,0.185267473,751,0,0,0,0,0,11353.36316,0.036959023,51.87489233,0,0,0,51.87489233,0.05,0.05,129.6872308,21.09595912,30.77893321,110.7681181,30.77893321,
105386,32,M,College,Single,$100k to $120k,112500,10/31/2020,6,14000,0.132320244,753,0,0,0,0,0,11006.87232,0.036959023,37.04966821,0,0,0,37.04966821,0.05,0.05,92.62417052,-37.06306029,74.1127285,184.8808466,74.1127285,
105386,33,M,College,Single,$100k to $120k,112500,11/30/2020,7,14000,0.177045198,751,0,0,0,0,0,10660.38148,0.036959023,49.57265534,0,0,0,49.57265534,0.05,0.05,123.9316383,31.30746782,18.26518752,203.1460341,18.26518752,
105386,33,M,College,Single,$100k to $120k,112500,12/31/2020,8,14000,0.173542442,752,0,0,0,0,0,10313.89063,0.036959023,48.59188377,0,0,0,48.59188377,0.05,0.05,121.4797094,-2.451928909,51.04381268,254.1898468,51.04381268,
105386,33,M,College,Single,$100k to $120k,112500,1/31/2021,9,14000,0.15676133,752,0,0,0,0,0,9967.399789,0.036959023,43.89317234,0,0,0,43.89317234,0.05,0.05,109.7329308,-11.74677858,55.63995092,309.8297978,55.63995092,
105386,33,M,College,Single,$100k to $120k,112500,2/28/2021,10,14000,0.18815069,751,0,0,0,0,0,9620.908946,0.036959023,52.68219333,0,0,0,52.68219333,0.05,0.05,131.7054833,21.97255247,30.70964086,340.5394386,30.70964086,
105386,33,M,College,Single,$100k to $120k,112500,3/31/2021,11,14000,0.146987745,753,0,0,0,0,0,9274.418102,0.036959023,41.15656872,0,0,0,41.15656872,0.05,0.05,102.8914218,-28.81406152,69.97063024,410.5100688,69.97063024,
105386,33,M,College,Single,$100k to $120k,112500,4/30/2021,12,14000,0.13178055,753,0,0,0,0,0,8927.927259,0.036959023,36.89855407,0,0,100,136.8985541,0.05,0.05,92.24638517,-10.64503664,147.5435907,558.0536596,147.5435907,
105386,33,M,College,Single,$100k to $120k,112500,5/31/2021,13,14000,0.156873567,752,0,0,0,0,0,8581.436415,0.036959023,43.92459888,0,0,0,43.92459888,0.05,0.05,109.8114972,17.56511202,26.35948685,584.4131464,26.35948685,
105386,33,M,College,Single,$100k to $120k,112500,6/30/2021,14,14000,0.176204533,751,0,0,0,0,0,8234.945571,0.036959023,49.33726938,0,0,0,49.33726938,0.05,0.05,123.3431734,13.53167625,35.80559312,620.2187395,35.80559312,
105386,33,M,College,Single,$100k to $120k,112500,7/31/2021,15,14000,0.150833599,752,0,0,0,0,0,7888.454728,0.036959023,42.23340758,0,0,0,42.23340758,0.05,0.05,105.583519,-17.75965448,59.99306207,680.2118016,59.99306207,
105386,33,M,College,Single,$100k to $120k,112500,8/31/2021,16,14000,0.166332784,752,0,0,0,0,0,7541.963884,0.036959023,46.57317949,0,0,0,46.57317949,0.05,0.05,116.4329487,10.84942976,35.72374973,715.9355513,35.72374973,
105386,33,M,College,Single,$100k to $120k,112500,9/30/2021,17,14000,0.17947541,751,0,0,0,0,0,7195.473041,0.036959023,50.2531149,0,0,0,50.2531149,0.05,0.05,125.6327873,9.199838542,41.05327636,756.9888277,41.05327636,
105386,33,M,College,Single,$100k to $120k,112500,10/31/2021,18,14000,0.197367727,751,0,0,0,0,0,6848.982197,0.036959023,55.26296343,0,0,0,55.26296343,0.05,0.05,138.1574086,12.52462133,42.73834211,799.7271698,42.73834211,
105386,34,M,College,Single,$100k to $120k,112500,11/30/2021,19,14000,0.173594203,752,0,0,0,0,0,6502.491354,0.036959023,48.60637691,0,0,0,48.60637691,0.05,0.05,121.5159423,-16.6414663,65.24784322,864.975013,65.24784322,
105386,34,M,College,Single,$100k to $120k,112500,12/31/2021,20,14000,0.159145697,752,0,0,0,0,0,6156.00051,0.036959023,44.56079513,0,0,0,44.56079513,0.05,0.05,111.4019878,-10.11395445,54.67474959,919.6497626,54.67474959,
105386,34,M,College,Single,$100k to $120k,112500,1/31/2022,21,14000,0.160498678,752,0,0,0,0,0,5809.509666,0.036959023,44.93962985,0,0,0,44.93962985,0.05,0.05,112.3490746,0.947086795,43.99254305,963.6423056,43.99254305,
105386,34,M,College,Single,$100k to $120k,112500,2/28/2022,22,14000,0.133683864,753,0,0,0,0,0,5463.018823,0.036959023,37.43148194,0,0,0,37.43148194,0.05,0.05,93.57870485,-18.77036978,56.20185172,1019.844157,56.20185172,
105386,34,M,College,Single,$100k to $120k,112500,3/31/2022,23,14000,0.190846085,751,0,0,0,0,0,5116.527979,0.036959023,53.43690369,0,0,0,53.43690369,0.05,0.05,133.5922592,40.01355438,13.42334931,1033.267507,13.42334931,
105386,34,M,College,Single,$100k to $120k,112500,4/30/2022,24,14000,0.185752923,751,0,0,0,0,0,4770.037136,0.036959023,52.01081851,0,0,100,152.0108185,0.05,0.05,130.0270463,-3.565212943,155.5760315,1188.843538,155.5760315,
105386,34,M,College,Single,$100k to $120k,112500,5/31/2022,25,14000,0.143225318,753,0,0,0,0,0,4423.546292,0.036959023,40.10308899,0,0,0,40.10308899,0.05,0.05,100.2577225,-29.76932381,69.8724128,1258.715951,69.8724128,
105386,34,M,College,Single,$100k to $120k,112500,6/30/2022,26,14000,0.183678413,751,0,0,0,0,0,4077.055448,0.036959023,51.4299555,0,0,0,51.4299555,0.05,0.05,128.5748888,28.31716628,23.11278922,1281.82874,23.11278922,
105386,34,M,College,Single,$100k to $120k,112500,7/31/2022,27,14000,0.162061239,752,0,0,0,0,0,3730.564605,0.036959023,45.37714681,0,0,0,45.37714681,0.05,0.05,113.442867,-15.13202173,60.50916854,1342.337909,60.50916854,
105386,34,M,College,Single,$100k to $120k,112500,8/31/2022,28,14000,0.141486506,753,0,0,0,0,0,3384.073761,0.036959023,39.61622167,0,0,0,39.61622167,0.05,0.05,99.04055417,-14.40231286,54.01853453,1396.356443,54.01853453,
105386,34,M,College,Single,$100k to $120k,112500,9/30/2022,29,14000,0.143486848,750,0,0,3,0,0,314072.229,0.259275707,40.17631733,0,0,0,40.17631733,0.05,0.05,100.4407933,1.400239154,38.77607818,1435.132521,38.77607818,
105386,34,M,College,Single,$100k to $120k,112500,10/31/2022,30,14000,0.162934238,750,0,0,3,0,0,311988.0101,0.259275707,45.62158674,0,0,0,45.62158674,0.05,0.05,114.0539669,13.61317354,32.00841321,1467.140935,32.00841321,
105386,35,M,College,Single,$100k to $120k,112500,11/30/2022,31,14000,0.18306084,750,0,0,3,0,0,309903.7912,0.259275707,51.2570353,0,0,0,51.2570353,0.05,0.05,128.1425882,14.08862138,37.16841391,1504.309349,37.16841391,
105386,35,M,College,Single,$100k to $120k,112500,12/31/2022,32,14000,0.187442739,750,0,0,3,0,0,307819.5723,0.259275707,52.48396686,0,0,0,52.48396686,0.05,0.05,131.2099172,3.067328918,49.41663795,1553.725986,49.41663795,
105386,35,M,College,Single,$100k to $120k,112500,1/31/2023,33,14000,0.296297519,750,1,0,3,0,3525.940481,311295.0819,0.334495771,82.96330543,0,72.3111627,0,155.2744681,0.05,0.2,829.6330543,698.4231372,-543.148669,1010.577317,-543.148669,
105386,35,M,College,Single,$100k to $120k,112500,2/28/2023,34,14000,0.313689114,745,1,0,3,0,3732.900451,307964.5594,0.338910917,87.83295179,0,76.55556675,0,164.3885185,0.05,0.2,878.3295179,48.69646357,115.692055,1126.269372,115.692055,
105386,35,M,College,Single,$100k to $120k,112500,3/31/2023,35,14000,0.336926458,745,1,0,3,0,4009.424845,308017.6279,0.344810104,94.33940813,0,82.2266212,0,176.5660293,0.05,0.2,943.3940813,65.06456336,111.501466,1237.770838,111.501466,
105386,35,M,College,Single,$100k to $120k,112500,4/30/2023,36,14000,0.358052738,745,1,0,3,0,4260.827578,308016.7066,0.350173362,100.2547665,0,87.38247225,100,287.6372388,0.05,0.2,1002.547665,59.15358421,228.4836546,1466.254493,228.4836546,
105386,35,M,College,Single,$100k to $120k,112500,5/31/2023,37,14000,0.372470297,745,1,0,3,0,4432.396529,307917.4661,0.3538335,104.291683,0,90.90106548,0,195.1927485,0.05,0.2,1042.91683,40.36916483,154.8235837,1621.078077,154.8235837,
105386,35,M,College,Single,$100k to $120k,112500,6/30/2023,38,14000,0.396536968,745,1,0,3,0,4718.789914,308050.2192,0.359943225,111.0303509,0,96.77451648,0,207.8048674,0.05,0.2,1110.303509,67.3866788,140.4181886,1761.496265,140.4181886,
105386,35,M,College,Single,$100k to $120k,112500,7/31/2023,39,14000,0.411492734,740,1,0,3,0,4896.763535,307888.3509,0.363739996,115.2179655,0,100.4244588,0,215.6424244,0.05,0.2,1152.179655,41.87614618,173.7662782,1935.262543,173.7662782,
105386,35,M,College,Single,$100k to $120k,112500,8/31/2023,40,14000,0.436735298,740,1,0,3,0,5197.15005,308002.635,0.370148242,122.2858835,0,106.5848856,0,228.8707691,0.05,0.2,1222.858835,70.67917994,158.1915892,2093.454133,158.1915892,
105386,35,M,College,Single,$100k to $120k,112500,9/30/2023,41,14000,0.42725706,740,2,1,4,0,5084.359012,307512.7524,0.367742033,119.6319767,0,104.2717294,0,223.9037061,0.05,0.35,2093.559593,870.7007578,-646.7970516,1446.657081,-646.7970516,
105386,35,M,College,Single,$100k to $120k,112500,10/31/2023,42,14000,0.475064155,740,2,1,4,0,5653.263439,308358.9286,0.37987866,133.0179633,0,115.939011,0,248.9569743,0.05,0.35,2327.814357,234.2547641,14.70221017,1461.359291,14.70221017,
105386,36,M,College,Single,$100k to $120k,112500,11/30/2023,43,14000,0.527175114,735,2,1,4,0,6273.383851,308301.8421,0.393107896,147.6090318,0,128.6566471,0,276.2656789,0.05,0.35,2583.158056,255.3436992,20.92197975,1482.281271,20.92197975,
105386,36,M,College,Single,$100k to $120k,112500,12/31/2023,44,14000,0.639910447,730,3,2,4,0,7614.934314,309030.2558,0.502953605,179.174925,0,156.1696112,0,335.3445363,0.05,0.5,4479.373126,1896.21507,-1560.870533,-78.58926256,-1560.870533,
105386,36,M,College,Single,$100k to $120k,112500,1/31/2024,45,14000,0.706623984,725,3,2,4,0,8408.825409,308559.3741,0.52835812,197.8547155,0,172.4509944,0,370.3057099,0.05,0.5,4946.367888,466.9947616,-96.68905171,-175.2783143,-96.68905171,
105386,36,M,College,Single,$100k to $120k,112500,2/29/2024,46,14000,0.777094874,725,3,2,4,0,9247.428996,308557.7724,0.555193435,217.5865646,0,189.6493563,0,407.2359209,0.05,0.5,5439.664115,493.2962275,-86.06030655,-261.3386208,-86.06030655,
105386,36,M,College,Single,$100k to $120k,112500,3/31/2024,47,14000,0.845933312,720,3,2,4,0,10066.60641,308568.2718,0.581407112,236.8613274,0,206.4493198,0,443.3106472,0.05,0.5,5921.533184,481.8690688,-38.55842159,-299.8970424,-38.55842159,
105386,36,M,College,Single,$100k to $120k,112500,4/30/2024,48,14000,0.910133144,695,3,2,4,1,10830.58441,308544.0724,0.605854408,254.8372803,30,0,100,384.8372803,0.15,0.6,7645.11841,1723.585226,-1338.747946,-1638.644988,-1338.747946,
105386,36,M,College,Single,$100k to $120k,112500,5/31/2024,49,14000,0.964263288,675,4,4,4,2,13499.68604,310478.7802,0.835262311,51.72131452,30,0,0,81.72131452,0.4,0.9,12149.71743,4504.599024,-4422.87771,-6061.522698,-4422.87771,
105386,36,M,College,Single,$100k to $120k,112500,6/30/2024,50,14000,0.972121972,655,4,4,4,3,13609.70761,307887.2782,0.839956565,1.56826892,30,0,0,31.56826892,0.65,0.9,12248.73685,99.0194176,-67.45114868,-6128.973847,-67.45114868,
105386,36,M,College,Single,$100k to $120k,112500,7/31/2024,51,14000,0.980322345,635,4,4,4,4,13609.70761,307778.8766,0.839956565,0,0,0,0,0,0.72,0.9,12352.06154,103.3246915,-103.3246915,-6232.298538,-103.3246915,
105386,36,M,College,Single,$100k to $120k,112500,8/31/2024,52,14000,0.98852778,615,4,4,4,5,13609.70761,307774.5438,0.839956565,0,0,0,0,0,0.8,0.9,12455.45003,103.3884865,-103.3884865,-6335.687025,-103.3884865,
105386,36,M,College,Single,$100k to $120k,112500,9/30/2024,53,14000,0.99,595,4,4,4,6,13609.70761,307804.5456,0.839956565,0,0,0,0,0,0.84,0.9,12474,18.54997001,-18.54997001,-6354.236995,-18.54997001,
105386,36,M,College,Single,$100k to $120k,112500,10/31/2024,54,14000,0.99,575,4,4,4,7,13609.70761,307695.847,0.839956565,0,0,0,0,0,0.86,0.9,12474,0,0,-6354.236995,0,
105387,32,M,College,Single,$100k to $120k,112500,5/31/2020,1,13400,0.142630524,753,0,0,0,0,0,12895.7685,0.036749325,38.22498047,0,0,0,38.22498047,0.05,0.05,95.56245116,95.56245116,-57.3374707,-57.3374707,-57.3374707,
105387,32,M,College,Single,$100k to $120k,112500,6/30/2020,2,13400,0.172229013,752,0,0,0,0,0,12551.24358,0.036749325,46.15737558,0,0,0,46.15737558,0.05,0.05,115.393439,19.83098779,26.32638779,-31.01108291,26.32638779,
105387,32,M,College,Single,$100k to $120k,112500,7/31/2020,3,13400,0.193971198,751,0,0,0,0,0,12206.71865,0.036749325,51.98428105,0,0,0,51.98428105,0.05,0.05,129.9607026,14.56726367,37.41701738,6.40593447,37.41701738,
105387,32,M,College,Single,$100k to $120k,112500,8/31/2020,4,13400,0.199350957,751,0,0,0,0,0,11862.19373,0.036749325,53.42605642,0,0,0,53.42605642,0.05,0.05,133.5651411,3.604438421,49.821618,56.22755247,49.821618,
105387,32,M,College,Single,$100k to $120k,112500,9/30/2020,5,13400,0.190945911,751,0,0,0,0,0,11517.66881,0.036749325,51.17350407,0,0,0,51.17350407,0.05,0.05,127.9337602,-5.631380866,56.80488494,113.0324374,56.80488494,
105387,32,M,College,Single,$100k to $120k,112500,10/31/2020,6,13400,0.138377701,753,0,0,0,0,0,11173.14389,0.036749325,37.08522375,0,0,0,37.08522375,0.05,0.05,92.71305937,-35.22070081,72.30592456,185.338362,72.30592456,
105387,33,M,College,Single,$100k to $120k,112500,11/30/2020,7,13400,0.1854462,751,0,0,0,0,0,10828.61896,0.036749325,49.69958157,0,0,0,49.69958157,0.05,0.05,124.2489539,31.53589455,18.16368702,203.502049,18.16368702,
105387,33,M,College,Single,$100k to $120k,112500,12/31/2020,8,13400,0.199355214,751,0,0,0,0,0,10484.09404,0.036749325,53.42719732,0,0,0,53.42719732,0.05,0.05,133.5679933,9.319039376,44.10815794,247.6102069,44.10815794,
105387,33,M,College,Single,$100k to $120k,112500,1/31/2021,9,13400,0.151605581,752,0,0,0,0,0,10139.56912,0.036749325,40.63029567,0,0,0,40.63029567,0.05,0.05,101.5757392,-31.99225413,72.6225498,320.2327567,72.6225498,
105387,33,M,College,Single,$100k to $120k,112500,2/28/2021,10,13400,0.17623043,751,0,0,0,0,0,9795.044195,0.036749325,47.22975529,0,0,0,47.22975529,0.05,0.05,118.0743882,16.49864906,30.73110623,350.963863,30.73110623,
105387,33,M,College,Single,$100k to $120k,112500,3/31/2021,11,13400,0.19979287,751,0,0,0,0,0,9450.519272,0.036749325,53.54448921,0,0,0,53.54448921,0.05,0.05,133.861223,15.78683479,37.75765442,388.7215174,37.75765442,
105387,33,M,College,Single,$100k to $120k,112500,4/30/2021,12,13400,0.168719443,752,0,0,0,0,0,9105.994349,0.036749325,45.21681075,0,0,100,145.2168108,0.05,0.05,113.0420269,-20.81919614,166.0360069,554.7575243,166.0360069,
105387,33,M,College,Single,$100k to $120k,112500,5/31/2021,13,13400,0.178971748,751,0,0,0,0,0,8761.469426,0.036749325,47.96442836,0,0,0,47.96442836,0.05,0.05,119.9110709,6.869044011,41.09538435,595.8529086,41.09538435,
105387,33,M,College,Single,$100k to $120k,112500,6/30/2021,14,13400,0.152326471,752,0,0,0,0,0,8416.944504,0.036749325,40.82349419,0,0,0,40.82349419,0.05,0.05,102.0587355,-17.85233541,58.6758296,654.5287382,58.6758296,
105387,33,M,College,Single,$100k to $120k,112500,7/31/2021,15,13400,0.191056795,751,0,0,0,0,0,8072.419581,0.036749325,51.20322117,0,0,0,51.20322117,0.05,0.05,128.0080529,25.94931743,25.25390374,679.782642,25.25390374,
105387,33,M,College,Single,$100k to $120k,112500,8/31/2021,16,13400,0.190439273,751,0,0,0,0,0,7727.894658,0.036749325,51.03772523,0,0,0,51.03772523,0.05,0.05,127.5943131,-0.413739844,51.45146507,731.234107,51.45146507,
105387,33,M,College,Single,$100k to $120k,112500,9/30/2021,17,13400,0.160974358,752,0,0,0,0,0,7383.369735,0.036749325,43.141128,0,0,0,43.141128,0.05,0.05,107.85282,-19.74149308,62.88262107,794.1167281,62.88262107,
105387,33,M,College,Single,$100k to $120k,112500,10/31/2021,18,13400,0.18455351,751,0,0,0,0,0,7038.844812,0.036749325,49.46034078,0,0,0,49.46034078,0.05,0.05,123.6508519,15.79803195,33.66230883,827.7790369,33.66230883,
105387,34,M,College,Single,$100k to $120k,112500,11/30/2021,19,13400,0.137078034,753,0,0,0,0,0,6694.319889,0.036749325,36.736913,0,0,0,36.736913,0.05,0.05,91.84228251,-31.80856943,68.54548244,896.3245194,68.54548244,
105387,34,M,College,Single,$100k to $120k,112500,12/31/2021,20,13400,0.185016314,751,0,0,0,0,0,6349.794966,0.036749325,49.58437225,0,0,0,49.58437225,0.05,0.05,123.9609306,32.11864813,17.46572413,913.7902435,17.46572413,
105387,34,M,College,Single,$100k to $120k,112500,1/31/2022,21,13400,0.130315034,753,0,0,0,0,0,6005.270044,0.036749325,34.92442924,0,0,0,34.92442924,0.05,0.05,87.31107311,-36.64985753,71.57428677,985.3645303,71.57428677,
105387,34,M,College,Single,$100k to $120k,112500,2/28/2022,22,13400,0.148701955,753,0,0,0,0,0,5660.745121,0.036749325,39.85212383,0,0,0,39.85212383,0.05,0.05,99.63030957,12.31923646,27.53288736,1012.897418,27.53288736,
105387,34,M,College,Single,$100k to $120k,112500,3/31/2022,23,13400,0.195629873,751,0,0,0,0,0,5316.220198,0.036749325,52.42880603,0,0,0,52.42880603,0.05,0.05,131.0720151,31.44170551,20.98710052,1033.884518,20.98710052,
105387,34,M,College,Single,$100k to $120k,112500,4/30/2022,24,13400,0.166111035,752,0,0,0,0,0,4971.695275,0.036749325,44.51775747,0,0,100,144.5177575,0.05,0.05,111.2943937,-19.77762141,164.2953789,1198.179897,164.2953789,
105387,34,M,College,Single,$100k to $120k,112500,5/31/2022,25,13400,0.14566259,753,0,0,0,0,0,4627.170352,0.036749325,39.0375741,0,0,0,39.0375741,0.05,0.05,97.59393525,-13.70045842,52.73803252,1250.91793,52.73803252,
105387,34,M,College,Single,$100k to $120k,112500,6/30/2022,26,13400,0.196753031,751,0,0,0,0,0,4282.645429,0.036749325,52.72981231,0,0,0,52.72981231,0.05,0.05,131.8245308,34.23059552,18.49921679,1269.417146,18.49921679,
105387,34,M,College,Single,$100k to $120k,112500,7/31/2022,27,13400,0.143288606,753,0,0,0,0,0,3938.120507,0.036749325,38.40134642,0,0,0,38.40134642,0.05,0.05,96.00336604,-35.82116473,74.22251114,1343.639657,74.22251114,
105387,34,M,College,Single,$100k to $120k,112500,8/31/2022,28,13400,0.167324945,752,0,0,0,0,0,3593.595584,0.036749325,44.84308535,0,0,0,44.84308535,0.05,0.05,112.1077134,16.10434733,28.73873802,1372.378396,28.73873802,
105387,34,M,College,Single,$100k to $120k,112500,9/30/2022,29,13400,0.170592582,750,0,0,3,0,0,322738.9066,0.277487713,45.71881207,0,0,0,45.71881207,0.05,0.05,114.2970302,2.189316799,43.52949527,1415.907891,43.52949527,
105387,34,M,College,Single,$100k to $120k,112500,10/31/2022,30,13400,0.174980602,750,0,0,3,0,0,320481.9842,0.277487713,46.89480145,0,0,0,46.89480145,0.05,0.05,117.2370036,2.939973457,43.95482799,1459.862719,43.95482799,
105387,35,M,College,Single,$100k to $120k,112500,11/30/2022,31,13400,0.138271874,750,0,0,3,0,0,318225.0618,0.277487713,37.05686223,0,0,0,37.05686223,0.05,0.05,92.64215557,-24.59484805,61.65171028,1521.514429,61.65171028,
105387,35,M,College,Single,$100k to $120k,112500,12/31/2022,32,13400,0.174399354,750,0,0,3,0,0,315968.1394,0.277487713,46.73902684,0,0,0,46.73902684,0.05,0.05,116.8475671,24.20541152,22.53361531,1544.048044,22.53361531,
105387,35,M,College,Single,$100k to $120k,112500,1/31/2023,33,13400,0.292476259,750,1,0,3,0,3331.304596,319223.6262,0.348555544,78.38363754,0,68.31950508,0,146.7031426,0.05,0.2,783.8363754,666.9888083,-520.2856657,1023.762379,-520.2856657,
105387,35,M,College,Single,$100k to $120k,112500,2/28/2023,34,13400,0.3172623,745,1,0,3,0,3613.617602,316226.1407,0.354578221,85.02629651,0,74.10927431,0,159.1355708,0.05,0.2,850.2629651,66.42658966,92.70898117,1116.47136,92.70898117,
105387,35,M,College,Single,$100k to $120k,112500,3/31/2023,35,13400,0.338021075,745,1,0,3,0,3850.060041,316087.8605,0.359622327,90.58964803,0,78.95831468,0,169.5479627,0.05,0.2,905.8964803,55.63351519,113.9144475,1230.385807,113.9144475,
105387,35,M,College,Single,$100k to $120k,112500,4/30/2023,36,13400,0.352305089,745,1,0,3,0,4012.75496,315997.3621,0.363093152,94.41776376,0,82.2949163,100,276.7126801,0.05,0.2,944.1776376,38.28115733,238.4315227,1468.81733,238.4315227,
105387,35,M,College,Single,$100k to $120k,112500,5/31/2023,37,13400,0.374075106,745,1,0,3,0,4260.715455,316202.2437,0.368382976,100.2521284,0,87.3801728,0,187.6323012,0.05,0.2,1002.521284,58.34364598,129.2886552,1598.105985,129.2886552,
105387,35,M,College,Single,$100k to $120k,112500,6/30/2023,38,13400,0.396827316,745,1,0,3,0,4519.863124,316154.6671,0.373911459,106.3497206,0,92.69485958,0,199.0445802,0.05,0.2,1063.497206,60.97592215,138.068658,1736.174643,138.068658,
105387,35,M,College,Single,$100k to $120k,112500,7/31/2023,39,13400,0.412708349,740,1,0,3,0,4700.748099,316139.7566,0.377770339,110.6058376,0,96.40450894,0,207.0103466,0.05,0.2,1106.058376,42.56117057,164.449176,1900.623819,164.449176,
105387,35,M,College,Single,$100k to $120k,112500,8/31/2023,40,13400,0.434730223,740,1,0,3,0,4951.577237,316075.7578,0.38312136,116.5076997,0,101.5485965,0,218.0562962,0.05,0.2,1165.076997,59.01862052,159.0376757,2059.661495,159.0376757,
105387,35,M,College,Single,$100k to $120k,112500,9/30/2023,41,13400,0.42125856,740,2,1,4,0,4798.134994,315637.1899,0.379847926,112.897294,0,98.40175183,0,211.2990458,0.05,0.35,1975.702645,810.6256477,-599.3266019,1460.334893,-599.3266019,
105387,35,M,College,Single,$100k to $120k,112500,10/31/2023,42,13400,0.475513296,740,2,1,4,0,5416.09644,316545.2125,0.393031103,127.4375633,0,111.0751112,0,238.5126744,0.05,0.35,2230.157358,254.4547131,-15.94203864,1444.392854,-15.94203864,
105387,36,M,College,Single,$100k to $120k,112500,11/30/2023,43,13400,0.521737548,735,2,1,4,0,5942.590675,316333.1617,0.40426298,139.8256629,0,121.8726304,0,261.6982934,0.05,0.35,2446.949101,216.7917437,44.90654964,1489.299404,44.90654964,
105387,36,M,College,Single,$100k to $120k,112500,12/31/2023,44,13400,0.630548531,730,3,2,4,0,7181.947769,317092.647,0.507310041,168.9870063,0,147.2897788,0,316.2767852,0.05,0.5,4224.675158,1777.726057,-1461.449272,27.85013222,-1461.449272,
105387,36,M,College,Single,$100k to $120k,112500,1/31/2024,45,13400,0.704521178,725,3,2,4,0,8024.496221,316654.7524,0.534271592,188.8116758,0,164.5690433,0,353.3807191,0.05,0.5,4720.291895,495.6167366,-142.2360175,-114.3858853,-142.2360175,
105387,36,M,College,Single,$100k to $120k,112500,2/29/2024,46,13400,0.773137759,725,3,2,4,0,8806.03908,316669.3801,0.559280963,207.2009195,0,180.5971848,0,387.7981043,0.05,0.5,5180.022988,459.7310931,-71.93298876,-186.318874,-71.93298876,
105387,36,M,College,Single,$100k to $120k,112500,3/31/2024,47,13400,0.849125939,720,3,2,4,0,9671.544449,316667.2089,0.586977135,227.5657518,0,198.3472574,0,425.9130092,0.05,0.5,5689.143794,509.1208058,-83.20779666,-269.5266707,-83.20779666,
105387,36,M,College,Single,$100k to $120k,112500,4/30/2024,48,13400,0.91371945,695,3,2,4,1,10407.26454,316606.1563,0.610520178,244.8768127,30,0,100,374.8768127,0.15,0.6,7346.30438,1657.160586,-1282.283773,-1551.810444,-1282.283773,
105387,36,M,College,Single,$100k to $120k,112500,5/31/2024,49,13400,0.966756972,675,4,4,4,2,12954.54342,318471.5966,0.830214899,49.33382321,30,0,0,79.33382321,0.4,0.9,11659.08908,4312.784701,-4233.450878,-5785.261322,-4233.450878,
105387,36,M,College,Single,$100k to $120k,112500,6/30/2024,50,13400,0.9726208,655,4,4,4,3,13033.11872,315923.0322,0.833567444,0.951982299,30,0,0,30.9519823,0.65,0.9,11729.80684,70.7177641,-39.7657818,-5825.027104,-39.7657818,
105387,36,M,College,Single,$100k to $120k,112500,7/31/2024,51,13400,0.981787642,635,4,4,4,4,13033.11872,315778.5669,0.833567444,0,0,0,0,0,0.72,0.9,11840.35897,110.5521202,-110.5521202,-5935.579224,-110.5521202,
105387,36,M,College,Single,$100k to $120k,112500,8/31/2024,52,13400,0.988397828,615,4,4,4,5,13033.11872,315899.2485,0.833567444,0,0,0,0,0,0.8,0.9,11920.07781,79.7188441,-79.7188441,-6015.298068,-79.7188441,
105387,36,M,College,Single,$100k to $120k,112500,9/30/2024,53,13400,0.99,595,4,4,4,6,13033.11872,315966.538,0.833567444,0,0,0,0,0,0.84,0.9,11939.4,19.32219075,-19.32219075,-6034.620259,-19.32219075,
105387,36,M,College,Single,$100k to $120k,112500,10/31/2024,54,13400,0.99,575,4,4,4,7,13033.11872,315886.3126,0.833567444,0,0,0,0,0,0.86,0.9,11939.4,0,0,-6034.620259,0,
105388,32,M,College,Single,$100k to $120k,112500,5/31/2020,1,13500,0.176317701,751,0,0,0,0,0,12896.09758,0.035051482,47.60577925,0,0,0,47.60577925,0.05,0.05,119.0144481,119.0144481,-71.40866887,-71.40866887,-71.40866887,
105388,32,M,College,Single,$100k to $120k,112500,6/30/2020,2,13500,0.162233965,752,0,0,0,0,0,12567.48993,0.035051482,43.80317048,0,0,0,43.80317048,0.05,0.05,109.5079262,-9.506521915,53.3096924,-18.09897648,53.3096924,
105388,32,M,College,Single,$100k to $120k,112500,7/31/2020,3,13500,0.155531883,752,0,0,0,0,0,12238.88229,0.035051482,41.9936083,0,0,0,41.9936083,0.05,0.05,104.9840208,-4.523905448,46.51751375,28.41853728,46.51751375,
105388,32,M,College,Single,$100k to $120k,112500,8/31/2020,4,13500,0.152170498,752,0,0,0,0,0,11910.27465,0.035051482,41.0860344,0,0,0,41.0860344,0.05,0.05,102.715086,-2.268934763,43.35496916,71.77350644,43.35496916,
105388,32,M,College,Single,$100k to $120k,112500,9/30/2020,5,13500,0.18887167,751,0,0,0,0,0,11581.667,0.035051482,50.99535102,0,0,0,50.99535102,0.05,0.05,127.4883775,24.77329154,26.22205947,97.99556591,26.22205947,
105388,32,M,College,Single,$100k to $120k,112500,10/31/2020,6,13500,0.159536846,752,0,0,0,0,0,11253.05936,0.035051482,43.07494848,0,0,0,43.07494848,0.05,0.05,107.6873712,-19.80100634,62.87595482,160.8715207,62.87595482,
105388,33,M,College,Single,$100k to $120k,112500,11/30/2020,7,13500,0.194444566,751,0,0,0,0,0,10924.45172,0.035051482,52.50003276,0,0,0,52.50003276,0.05,0.05,131.2500819,23.5627107,28.93732206,189.8088428,28.93732206,
105388,33,M,College,Single,$100k to $120k,112500,12/31/2020,8,13500,0.149333668,753,0,0,0,0,0,10595.84407,0.035051482,40.32009023,0,0,0,40.32009023,0.05,0.05,100.8002256,-30.44985633,70.76994656,260.5787894,70.76994656,
105388,33,M,College,Single,$100k to $120k,112500,1/31/2021,9,13500,0.131344105,753,0,0,0,0,0,10267.23643,0.035051482,35.46290841,0,0,0,35.46290841,0.05,0.05,88.65727101,-12.14295455,47.60586296,308.1846523,47.60586296,
105388,33,M,College,Single,$100k to $120k,112500,2/28/2021,10,13500,0.135987564,753,0,0,0,0,0,9938.628784,0.035051482,36.7166424,0,0,0,36.7166424,0.05,0.05,91.791606,3.134334991,33.58230741,341.7669597,33.58230741,
105388,33,M,College,Single,$100k to $120k,112500,3/31/2021,11,13500,0.15990847,752,0,0,0,0,0,9610.02114,0.035051482,43.17528692,0,0,0,43.17528692,0.05,0.05,107.9382173,16.14661129,27.02867563,368.7956354,27.02867563,
105388,33,M,College,Single,$100k to $120k,112500,4/30/2021,12,13500,0.155193376,752,0,0,0,0,0,9281.413497,0.035051482,41.90221165,0,0,100,141.9022117,0.05,0.05,104.7555291,-3.182688163,145.0848998,513.8805352,145.0848998,
105388,33,M,College,Single,$100k to $120k,112500,5/31/2021,13,13500,0.135966651,753,0,0,0,0,0,8952.805853,0.035051482,36.71099587,0,0,0,36.71099587,0.05,0.05,91.77748969,-12.97803944,49.68903532,563.5695705,49.68903532,
105388,33,M,College,Single,$100k to $120k,112500,6/30/2021,14,13500,0.134185365,753,0,0,0,0,0,8624.198209,0.035051482,36.23004852,0,0,0,36.23004852,0.05,0.05,90.57512129,-1.202368398,37.43241691,601.0019874,37.43241691,
105388,33,M,College,Single,$100k to $120k,112500,7/31/2021,15,13500,0.137980032,753,0,0,0,0,0,8295.590566,0.035051482,37.25460858,0,0,0,37.25460858,0.05,0.05,93.13652146,2.561400167,34.69320842,635.6951958,34.69320842,
105388,33,M,College,Single,$100k to $120k,112500,8/31/2021,16,13500,0.134958056,753,0,0,0,0,0,7966.982922,0.035051482,36.43867513,0,0,0,36.43867513,0.05,0.05,91.09668781,-2.039833641,38.47850877,674.1737046,38.47850877,
105388,33,M,College,Single,$100k to $120k,112500,9/30/2021,17,13500,0.189647503,751,0,0,0,0,0,7638.375278,0.035051482,51.2048257,0,0,0,51.2048257,0.05,0.05,128.0120642,36.91537644,14.28944926,688.4631538,14.28944926,
105388,33,M,College,Single,$100k to $120k,112500,10/31/2021,18,13500,0.140346706,753,0,0,0,0,0,7309.767634,0.035051482,37.89361059,0,0,0,37.89361059,0.05,0.05,94.73402646,-33.27803778,71.17164837,759.6348022,71.17164837,
105388,34,M,College,Single,$100k to $120k,112500,11/30/2021,19,13500,0.174193982,752,0,0,0,0,0,6981.159991,0.035051482,47.03237501,0,0,0,47.03237501,0.05,0.05,117.5809375,22.84691107,24.18546394,783.8202662,24.18546394,
105388,34,M,College,Single,$100k to $120k,112500,12/31/2021,20,13500,0.139590862,753,0,0,0,0,0,6652.552347,0.035051482,37.6895328,0,0,0,37.6895328,0.05,0.05,94.22383201,-23.35710553,61.04663833,844.8669045,61.04663833,
105388,34,M,College,Single,$100k to $120k,112500,1/31/2022,21,13500,0.135578737,753,0,0,0,0,0,6323.944703,0.035051482,36.60625886,0,0,0,36.60625886,0.05,0.05,91.51564714,-2.708184867,39.31444372,884.1813482,39.31444372,
105388,34,M,College,Single,$100k to $120k,112500,2/28/2022,22,13500,0.136363111,753,0,0,0,0,0,5995.33706,0.035051482,36.81804005,0,0,0,36.81804005,0.05,0.05,92.04510012,0.529452981,36.28858707,920.4699353,36.28858707,
105388,34,M,College,Single,$100k to $120k,112500,3/31/2022,23,13500,0.186335727,751,0,0,0,0,0,5666.729416,0.035051482,50.31064636,0,0,0,50.31064636,0.05,0.05,125.7766159,33.73151579,16.57913058,937.0490659,16.57913058,
105388,34,M,College,Single,$100k to $120k,112500,4/30/2022,24,13500,0.150468483,752,0,0,0,0,0,5338.121772,0.035051482,40.62649047,0,0,100,140.6264905,0.05,0.05,101.5662262,-24.21038973,164.8368802,1101.885946,164.8368802,
105388,34,M,College,Single,$100k to $120k,112500,5/31/2022,25,13500,0.159363709,752,0,0,0,0,0,5009.514129,0.035051482,43.02820147,0,0,0,43.02820147,0.05,0.05,107.5705037,6.004277495,37.02392398,1138.90987,37.02392398,
105388,34,M,College,Single,$100k to $120k,112500,6/30/2022,26,13500,0.179812317,751,0,0,0,0,0,4680.906485,0.035051482,48.5493255,0,0,0,48.5493255,0.05,0.05,121.3733138,13.80281008,34.74651542,1173.656385,34.74651542,
105388,34,M,College,Single,$100k to $120k,112500,7/31/2022,27,13500,0.142838668,753,0,0,0,0,0,4352.298841,0.035051482,38.56644024,0,0,0,38.56644024,0.05,0.05,96.4161006,-24.95721316,63.5236534,1237.180039,63.5236534,
105388,34,M,College,Single,$100k to $120k,112500,8/31/2022,28,13500,0.178271048,751,0,0,0,0,0,4023.691198,0.035051482,48.13318293,0,0,0,48.13318293,0.05,0.05,120.3329573,23.91685674,24.2163262,1261.396365,24.2163262,
105388,34,M,College,Single,$100k to $120k,112500,9/30/2022,29,13500,0.188421212,750,0,0,3,0,0,340763.1446,0.277211573,50.87372733,0,0,0,50.87372733,0.05,0.05,127.1843183,6.851360984,44.02236634,1305.418731,44.02236634,
105388,34,M,College,Single,$100k to $120k,112500,10/31/2022,30,13500,0.184984626,750,0,0,3,0,0,338492.8937,0.277211573,49.94584891,0,0,0,49.94584891,0.05,0.05,124.8646223,-2.319696052,52.26554496,1357.684276,52.26554496,
105388,35,M,College,Single,$100k to $120k,112500,11/30/2022,31,13500,0.159059953,750,0,0,3,0,0,336222.6429,0.277211573,42.94618742,0,0,0,42.94618742,0.05,0.05,107.3654686,-17.4991537,60.44534113,1418.129617,60.44534113,
105388,35,M,College,Single,$100k to $120k,112500,12/31/2022,32,13500,0.187251135,750,0,0,3,0,0,333952.392,0.277211573,50.55780641,0,0,0,50.55780641,0.05,0.05,126.394516,19.02904745,31.52875895,1449.658376,31.52875895,
105388,35,M,College,Single,$100k to $120k,112500,1/31/2023,33,13500,0.296090256,750,1,0,3,0,3397.63569,337239.0166,0.349694467,79.94436917,0,69.67984527,0,149.6242144,0.05,0.2,799.4436917,673.0491756,-523.4249612,926.2334152,-523.4249612,
105388,35,M,College,Single,$100k to $120k,112500,2/28/2023,34,13500,0.315241124,745,1,0,3,0,3617.391901,334145.7468,0.3543826,85.11510355,0,74.1866789,0,159.3017825,0.05,0.2,851.1510355,51.70734388,107.5944386,1033.827854,107.5944386,
105388,35,M,College,Single,$100k to $120k,112500,3/31/2023,35,13500,0.333720121,745,1,0,3,0,3829.438393,334054.8163,0.358906258,90.10443278,0,78.53539905,0,168.6398318,0.05,0.2,901.0443278,49.8932923,118.7465395,1152.574393,118.7465395,
105388,35,M,College,Single,$100k to $120k,112500,4/30/2023,36,13500,0.357575481,745,1,0,3,0,4103.178647,334217.6609,0.36474605,96.54537993,0,84.14935542,100,280.6947353,0.05,0.2,965.4537993,64.40947144,216.2852639,1368.859657,216.2852639,
105388,35,M,College,Single,$100k to $120k,112500,5/31/2023,37,13500,0.374852071,745,1,0,3,0,4301.427513,334104.215,0.36897536,101.2100591,0,88.21510925,0,189.4251684,0.05,0.2,1012.100591,46.64679205,142.7783763,1511.638034,142.7783763,
105388,35,M,College,Single,$100k to $120k,112500,6/30/2023,38,13500,0.393524778,745,1,0,3,0,4515.696826,333973.0382,0.373546438,106.25169,0,92.60941574,0,198.8611058,0.05,0.2,1062.5169,50.41630888,148.4447969,1660.08283,148.4447969,
105388,35,M,College,Single,$100k to $120k,112500,7/31/2023,39,13500,0.41784262,740,1,0,3,0,4794.744059,334202.4943,0.379499446,112.8175073,0,98.33220942,0,211.1497167,0.05,0.2,1128.175073,65.65817257,145.4915441,1805.574375,145.4915441,
105388,35,M,College,Single,$100k to $120k,112500,8/31/2023,40,13500,0.438740771,740,1,0,3,0,5034.550349,334038.6395,0.384615313,118.4600082,0,103.2502367,0,221.7102449,0.05,0.2,1184.600082,56.42500929,165.2852357,1970.85961,165.2852357,
105388,35,M,College,Single,$100k to $120k,112500,9/30/2023,41,13500,0.424195927,740,2,1,4,0,4867.648268,333608.0155,0.381054736,114.5329004,0,99.82735323,0,214.3602537,0.05,0.35,2004.325757,819.7256753,-605.3654216,1365.494189,-605.3654216,
105388,35,M,College,Single,$100k to $120k,112500,10/31/2023,42,13500,0.47073066,740,2,1,4,0,5401.634321,334329.6276,0.392446438,127.0972781,0,110.7785172,0,237.8757953,0.05,0.35,2224.202368,219.8766102,17.9991852,1383.493374,17.9991852,
105388,36,M,College,Single,$100k to $120k,112500,11/30/2023,43,13500,0.524689577,735,2,1,4,0,6020.812893,334466.2972,0.405655581,141.6661857,0,123.4768378,0,265.1430235,0.05,0.35,2479.15825,254.9558827,10.18714078,1393.680515,10.18714078,
105388,36,M,College,Single,$100k to $120k,112500,12/31/2023,44,13500,0.635874019,730,3,2,4,0,7296.654372,335222.6888,0.510704513,171.6859852,0,149.6422201,0,321.3282053,0.05,0.5,4292.149631,1812.99138,-1491.663175,-97.98266045,-1491.663175,
105388,36,M,College,Single,$100k to $120k,112500,1/31/2024,45,13500,0.704800608,725,3,2,4,0,8087.586972,334578.522,0.536014356,190.296164,0,165.8629295,0,356.1590935,0.05,0.5,4757.404101,465.2544704,-109.0953769,-207.0780374,-109.0953769,
105388,36,M,College,Single,$100k to $120k,112500,2/29/2024,46,13500,0.776522901,725,3,2,4,0,8910.600288,334665.7902,0.562350782,209.6611833,0,182.7415609,0,392.4027442,0.05,0.5,5241.529581,484.1254804,-91.72273619,-298.8007735,-91.72273619,
105388,36,M,College,Single,$100k to $120k,112500,3/31/2024,47,13500,0.84627926,720,3,2,4,0,9711.054507,334580.5392,0.587965317,228.4954002,0,199.1575429,0,427.652943,0.05,0.5,5712.385004,470.8554229,-43.20247988,-342.0032534,-43.20247988,
105388,36,M,College,Single,$100k to $120k,112500,4/30/2024,48,13500,0.912565643,695,3,2,4,1,10471.69075,334521.5296,0.612305677,246.3927236,30,0,100,376.3927236,0.15,0.6,7391.781708,1679.396704,-1303.00398,-1645.007233,-1303.00398,
105388,36,M,College,Single,$100k to $120k,112500,5/31/2024,49,13500,0.966045429,675,4,4,4,2,13041.61329,336491.6323,0.83365374,49.77759527,30,0,0,79.77759527,0.4,0.9,11737.45196,4345.670255,-4265.89266,-5910.899893,-4265.89266,
105388,36,M,College,Single,$100k to $120k,112500,6/30/2024,50,13500,0.974479224,655,4,4,4,3,13155.46952,333929.6113,0.838511605,1.643420689,30,0,0,31.64342069,0.65,0.9,11839.92257,102.4706029,-70.8271822,-5981.727075,-70.8271822,
105388,36,M,College,Single,$100k to $120k,112500,7/31/2024,51,13500,0.981584486,635,4,4,4,4,13155.46952,333854.1193,0.838511605,0,0,0,0,0,0.72,0.9,11926.25151,86.32894372,-86.32894372,-6068.056019,-86.32894372,
105388,36,M,College,Single,$100k to $120k,112500,8/31/2024,52,13500,0.989171704,615,4,4,4,5,13155.46952,333789.6063,0.838511605,0,0,0,0,0,0.8,0.9,12018.43621,92.18470031,-92.18470031,-6160.240719,-92.18470031,
105388,36,M,College,Single,$100k to $120k,112500,9/30/2024,53,13500,0.99,595,4,4,4,6,13155.46952,333793.7644,0.838511605,0,0,0,0,0,0.84,0.9,12028.5,10.0637904,-10.0637904,-6170.30451,-10.0637904,
105388,36,M,College,Single,$100k to $120k,112500,10/31/2024,54,13500,0.99,575,4,4,4,7,13155.46952,333911.3382,0.838511605,0,0,0,0,0,0.86,0.9,12028.5,0,0,-6170.30451,0,
105389,32,M,College,Single,$100k to $120k,112500,5/31/2020,1,13200,0.13663498,753,0,0,0,0,0,12710.58792,0.033250369,36.0716348,0,0,0,36.0716348,0.05,0.05,90.17908699,90.17908699,-54.1074522,-54.1074522,-54.1074522,
105389,32,M,College,Single,$100k to $120k,112500,6/30/2020,2,13200,0.138347589,753,0,0,0,0,0,12398.86572,0.033250369,36.52376347,0,0,0,36.52376347,0.05,0.05,91.30940868,1.130321684,35.39344179,-18.71401041,35.39344179,
105389,32,M,College,Single,$100k to $120k,112500,7/31/2020,3,13200,0.191609362,751,0,0,0,0,0,12087.14351,0.033250369,50.58487151,0,0,0,50.58487151,0.05,0.05,126.4621788,35.15277009,15.43210141,-3.281908995,15.43210141,
105389,32,M,College,Single,$100k to $120k,112500,8/31/2020,4,13200,0.158819951,752,0,0,0,0,0,11775.4213,0.033250369,41.9284671,0,0,0,41.9284671,0.05,0.05,104.8211678,-21.64101101,63.56947812,60.28756912,63.56947812,
105389,32,M,College,Single,$100k to $120k,112500,9/30/2020,5,13200,0.151499093,752,0,0,0,0,0,11463.6991,0.033250369,39.99576046,0,0,0,39.99576046,0.05,0.05,99.98940114,-4.831766619,44.82752708,105.1150962,44.82752708,
105389,32,M,College,Single,$100k to $120k,112500,10/31/2020,6,13200,0.186560687,751,0,0,0,0,0,11151.97689,0.033250369,49.25202147,0,0,0,49.25202147,0.05,0.05,123.1300537,23.14065254,26.11136893,131.2264651,26.11136893,
105389,33,M,College,Single,$100k to $120k,112500,11/30/2020,7,13200,0.1931106,751,0,0,0,0,0,10840.25468,0.033250369,50.98119846,0,0,0,50.98119846,0.05,0.05,127.4529962,4.322942473,46.65825599,177.8847211,46.65825599,
105389,33,M,College,Single,$100k to $120k,112500,12/31/2020,8,13200,0.157627823,752,0,0,0,0,0,10528.53248,0.033250369,41.61374527,0,0,0,41.61374527,0.05,0.05,104.0343632,-23.41863298,65.03237825,242.9170994,65.03237825,
105389,33,M,College,Single,$100k to $120k,112500,1/31/2021,9,13200,0.139207507,753,0,0,0,0,0,10216.81027,0.033250369,36.75078192,0,0,0,36.75078192,0.05,0.05,91.8769548,-12.15740837,48.90819029,291.8252897,48.90819029,
105389,33,M,College,Single,$100k to $120k,112500,2/28/2021,10,13200,0.153219517,752,0,0,0,0,0,9905.088062,0.033250369,40.44995255,0,0,0,40.44995255,0.05,0.05,101.1248814,9.247926568,31.20202598,323.0273156,31.20202598,
105389,33,M,College,Single,$100k to $120k,112500,3/31/2021,11,13200,0.132607754,753,0,0,0,0,0,9593.365855,0.033250369,35.00844713,0,0,0,35.00844713,0.05,0.05,87.52111782,-13.60376355,48.61221068,371.6395263,48.61221068,
105389,33,M,College,Single,$100k to $120k,112500,4/30/2021,12,13200,0.144249491,753,0,0,0,0,0,9281.643649,0.033250369,38.08186573,0,0,100,138.0818657,0.05,0.05,95.20466434,7.683546516,130.3983192,502.0378455,130.3983192,
105389,33,M,College,Single,$100k to $120k,112500,5/31/2021,13,13200,0.146671154,753,0,0,0,0,0,8969.921442,0.033250369,38.72118469,0,0,0,38.72118469,0.05,0.05,96.80296172,1.598297381,37.12288731,539.1607328,37.12288731,
105389,33,M,College,Single,$100k to $120k,112500,6/30/2021,14,13200,0.177073823,751,0,0,0,0,0,8658.199235,0.033250369,46.74748915,0,0,0,46.74748915,0.05,0.05,116.8687229,20.06576115,26.681728,565.8424608,26.681728,
105389,33,M,College,Single,$100k to $120k,112500,7/31/2021,15,13200,0.168907199,752,0,0,0,0,0,8346.477029,0.033250369,44.59150048,0,0,0,44.59150048,0.05,0.05,111.4787512,-5.389971663,49.98147215,615.823933,49.98147215,
105389,33,M,College,Single,$100k to $120k,112500,8/31/2021,16,13200,0.159585493,752,0,0,0,0,0,8034.754822,0.033250369,42.13057023,0,0,0,42.13057023,0.05,0.05,105.3264256,-6.152325621,48.28289586,664.1068288,48.28289586,
105389,33,M,College,Single,$100k to $120k,112500,9/30/2021,17,13200,0.134262237,753,0,0,0,0,0,7723.032615,0.033250369,35.44523057,0,0,0,35.44523057,0.05,0.05,88.61307643,-16.71334915,52.15857972,716.2654086,52.15857972,
105389,33,M,College,Single,$100k to $120k,112500,10/31/2021,18,13200,0.160622419,752,0,0,0,0,0,7411.310409,0.033250369,42.40431861,0,0,0,42.40431861,0.05,0.05,106.0107965,17.39772008,25.00659852,741.2720071,25.00659852,
105389,34,M,College,Single,$100k to $120k,112500,11/30/2021,19,13200,0.137931197,753,0,0,0,0,0,7099.588202,0.033250369,36.41383605,0,0,0,36.41383605,0.05,0.05,91.03459012,-14.9762064,51.39004245,792.6620495,51.39004245,
105389,34,M,College,Single,$100k to $120k,112500,12/31/2021,20,13200,0.146852093,753,0,0,0,0,0,6787.865995,0.033250369,38.76895257,0,0,0,38.76895257,0.05,0.05,96.92238144,5.887791317,32.88116126,825.5432108,32.88116126,
105389,34,M,College,Single,$100k to $120k,112500,1/31/2022,21,13200,0.147229451,753,0,0,0,0,0,6476.143789,0.033250369,38.86857502,0,0,0,38.86857502,0.05,0.05,97.17143754,0.249056108,38.61951891,864.1627297,38.61951891,
105389,34,M,College,Single,$100k to $120k,112500,2/28/2022,22,13200,0.152757837,752,0,0,0,0,0,6164.421582,0.033250369,40.32806904,0,0,0,40.32806904,0.05,0.05,100.8201726,3.648735069,36.67933398,900.8420637,36.67933398,
105389,34,M,College,Single,$100k to $120k,112500,3/31/2022,23,13200,0.138636025,753,0,0,0,0,0,5852.699376,0.033250369,36.59991052,0,0,0,36.59991052,0.05,0.05,91.49977629,-9.320396323,45.92030684,946.7623705,45.92030684,
105389,34,M,College,Single,$100k to $120k,112500,4/30/2022,24,13200,0.17285613,752,0,0,0,0,0,5540.977169,0.033250369,45.63401843,0,0,100,145.6340184,0.05,0.05,114.0850461,22.58526977,123.0487487,1069.811119,123.0487487,
105389,34,M,College,Single,$100k to $120k,112500,5/31/2022,25,13200,0.157388,752,0,0,0,0,0,5229.254962,0.033250369,41.55043212,0,0,0,41.55043212,0.05,0.05,103.8760803,-10.20896577,51.75939789,1121.570517,51.75939789,
105389,34,M,College,Single,$100k to $120k,112500,6/30/2022,26,13200,0.18376514,751,0,0,0,0,0,4917.532756,0.033250369,48.51399689,0,0,0,48.51399689,0.05,0.05,121.2849922,17.40891193,31.10508496,1152.675602,31.10508496,
105389,34,M,College,Single,$100k to $120k,112500,7/31/2022,27,13200,0.151576813,752,0,0,0,0,0,4605.810549,0.033250369,40.01627851,0,0,0,40.01627851,0.05,0.05,100.0406963,-21.24429595,61.26057446,1213.936176,61.26057446,
105389,34,M,College,Single,$100k to $120k,112500,8/31/2022,28,13200,0.174993115,752,0,0,0,0,0,4294.088342,0.033250369,46.19818247,0,0,0,46.19818247,0.05,0.05,115.4954562,15.4547599,30.74342257,1244.679599,30.74342257,
105389,34,M,College,Single,$100k to $120k,112500,9/30/2022,29,13200,0.136301138,750,0,0,3,0,0,332518.9806,0.269296329,35.98350041,0,0,0,35.98350041,0.05,0.05,89.95875104,-25.53670513,61.52020555,1306.199805,61.52020555,
105389,34,M,College,Single,$100k to $120k,112500,10/31/2022,30,13200,0.190629186,750,0,0,3,0,0,330306.0497,0.269296329,50.32610499,0,0,0,50.32610499,0.05,0.05,125.8152625,35.85651144,14.46959355,1320.669398,14.46959355,
105389,35,M,College,Single,$100k to $120k,112500,11/30/2022,31,13200,0.147496917,750,0,0,3,0,0,328093.1188,0.269296329,38.93918621,0,0,0,38.93918621,0.05,0.05,97.34796553,-28.46729694,67.40648316,1388.075881,67.40648316,
105389,35,M,College,Single,$100k to $120k,112500,12/31/2022,32,13200,0.135638634,750,0,0,3,0,0,325880.188,0.269296329,35.80859949,0,0,0,35.80859949,0.05,0.05,89.52149872,-7.826466806,43.6350663,1431.710948,43.6350663,
105389,35,M,College,Single,$100k to $120k,112500,1/31/2023,33,13200,0.298790284,750,1,0,3,0,3352.426991,329165.2846,0.340814772,78.88063508,0,68.75269021,0,147.6333253,0.05,0.2,788.8063508,699.2848521,-551.6515268,880.0594208,-551.6515268,
105389,35,M,College,Single,$100k to $120k,112500,2/28/2023,34,13200,0.316270609,745,1,0,3,0,3548.556228,325939.9686,0.344998862,83.49544066,0,72.77497398,0,156.2704146,0.05,0.2,834.9544066,46.14805583,110.1223588,990.1817796,110.1223588,
105389,35,M,College,Single,$100k to $120k,112500,3/31/2023,35,13200,0.331595036,745,1,0,3,0,3720.496303,325929.0328,0.348666917,87.54108949,0,76.30117835,0,163.8422678,0.05,0.2,875.4108949,40.45648823,123.3857796,1113.567559,123.3857796,
105389,35,M,College,Single,$100k to $120k,112500,4/30/2023,36,13200,0.351456778,745,1,0,3,0,3943.345055,325973.4048,0.353421024,92.78458952,0,80.87143483,100,273.6560243,0.05,0.2,927.8458952,52.43500031,221.221024,1334.788583,221.221024,
105389,35,M,College,Single,$100k to $120k,112500,5/31/2023,37,13200,0.370530581,745,1,0,3,0,4157.353118,325924.4504,0.357986529,97.82007336,0,85.26038353,0,183.0804569,0.05,0.2,978.2007336,50.35483844,132.7256184,1467.514202,132.7256184,
105389,35,M,College,Single,$100k to $120k,112500,6/30/2023,38,13200,0.391557019,745,1,0,3,0,4393.269749,326040.3459,0.363019417,103.3710529,0,90.09864044,0,193.4696934,0.05,0.2,1033.710529,55.50979555,137.9598978,1605.4741,137.9598978,
105389,35,M,College,Single,$100k to $120k,112500,7/31/2023,39,13200,0.410474319,740,1,0,3,0,4605.521863,325992.2118,0.367547462,108.3652203,0,94.45157755,0,202.8167979,0.05,0.2,1083.652203,49.94167394,152.8751239,1758.349223,152.8751239,
105389,35,M,College,Single,$100k to $120k,112500,8/31/2023,40,13200,0.436797659,740,1,0,3,0,4900.869734,326150.6476,0.373848217,115.314582,0,100.5086701,0,215.8232521,0.05,0.2,1153.14582,69.49361672,146.3296354,1904.678859,146.3296354,
105389,35,M,College,Single,$100k to $120k,112500,9/30/2023,41,13200,0.427417759,740,2,1,4,0,4795.627255,325582.4384,0.371603044,112.8382883,0,98.35032228,0,211.1886106,0.05,0.35,1974.670046,821.5242262,-610.3356156,1294.343243,-610.3356156,
105389,35,M,College,Single,$100k to $120k,112500,10/31/2023,42,13200,0.479488589,740,2,1,4,0,5379.861968,326412.7856,0.384066718,126.5849875,0,110.3320025,0,236.91699,0.05,0.35,2215.237281,240.5672348,-3.650244821,1290.692998,-3.650244821,
105389,36,M,College,Single,$100k to $120k,112500,11/30/2023,43,13200,0.526504262,735,2,1,4,0,5907.377817,326286.9578,0.395320389,138.9971251,0,121.1504734,0,260.1475985,0.05,0.35,2432.44969,217.2124086,42.9351899,1333.628188,42.9351899,
105389,36,M,College,Single,$100k to $120k,112500,12/31/2023,44,13200,0.638050022,730,3,2,4,0,7158.921251,327012.0091,0.498381809,168.4452059,0,146.8175433,0,315.2627492,0.05,0.5,4211.130147,1778.680458,-1463.417709,-129.7895204,-1463.417709,
105389,36,M,College,Single,$100k to $120k,112500,1/31/2024,45,13200,0.702953431,725,3,2,4,0,7887.137497,326559.2246,0.521684729,185.5797058,0,161.7520448,0,347.3317507,0.05,0.5,4639.492645,428.362498,-81.03074737,-210.8202677,-81.03074737,
105389,36,M,College,Single,$100k to $120k,112500,2/29/2024,46,13200,0.778557278,725,3,2,4,0,8735.412661,326618.3555,0.548829534,205.5391214,0,179.1487547,0,384.6878761,0.05,0.5,5138.478036,498.9853906,-114.2975145,-325.1177822,-114.2975145,
105389,36,M,College,Single,$100k to $120k,112500,3/31/2024,47,13200,0.844468455,720,3,2,4,0,9474.93606,326533.7313,0.572494283,222.939672,0,194.315147,0,417.254819,0.05,0.5,5573.4918,435.013764,-17.75894493,-342.8767271,-17.75894493,
105389,36,M,College,Single,$100k to $120k,112500,4/30/2024,48,13200,0.916643773,695,3,2,4,1,10284.74313,326601.9392,0.598408109,241.9939561,30,0,100,371.9939561,0.15,0.6,7259.818683,1686.326883,-1314.332927,-1657.209654,-1314.332927,
105389,36,M,College,Single,$100k to $120k,112500,5/31/2024,49,13200,0.966775995,675,4,4,4,2,12761.44313,328170.2177,0.813784569,47.95061275,30,0,0,77.95061275,0.4,0.9,11485.29882,4225.480133,-4147.529521,-5804.739174,-4147.529521,
105389,36,M,College,Single,$100k to $120k,112500,6/30/2024,50,13200,0.97160158,655,4,4,4,3,12825.14085,325809.3705,0.816502339,0.660410492,30,0,0,30.66041049,0.65,0.9,11542.62676,57.32794848,-26.66753799,-5831.406712,-26.66753799,
105389,36,M,College,Single,$100k to $120k,112500,7/31/2024,51,13200,0.982364289,635,4,4,4,4,12825.14085,325693.97,0.816502339,0,0,0,0,0,0.72,0.9,11670.48776,127.8609912,-127.8609912,-5959.267704,-127.8609912,
105389,36,M,College,Single,$100k to $120k,112500,8/31/2024,52,13200,0.987789922,615,4,4,4,5,12825.14085,325757.8373,0.816502339,0,0,0,0,0,0.8,0.9,11734.94427,64.45651479,-64.45651479,-6023.724218,-64.45651479,
105389,36,M,College,Single,$100k to $120k,112500,9/30/2024,53,13200,0.99,595,4,4,4,6,12825.14085,325854.6156,0.816502339,0,0,0,0,0,0.84,0.9,11761.2,26.25572949,-26.25572949,-6049.979948,-26.25572949,
105389,36,M,College,Single,$100k to $120k,112500,10/31/2024,54,13200,0.99,575,4,4,4,7,12825.14085,325828.0366,0.816502339,0,0,0,0,0,0.86,0.9,11761.2,0,0,-6049.979948,0,
105390,32,M,College,Single,$100k to $120k,112500,5/31/2020,1,13800,0.174891504,752,0,0,0,0,0,12596.34057,0.037073725,48.27005499,0,0,0,48.27005499,0.05,0.05,120.6751375,120.6751375,-72.40508248,-72.40508248,-72.40508248,
105390,32,M,College,Single,$100k to $120k,112500,6/30/2020,2,13800,0.175191133,751,0,0,0,0,0,12248.7744,0.037073725,48.35275274,0,0,0,48.35275274,0.05,0.05,120.8818819,0.206744384,48.14600836,-24.25907412,48.14600836,
105390,32,M,College,Single,$100k to $120k,112500,7/31/2020,3,13800,0.13887692,753,0,0,0,0,0,11901.20823,0.037073725,38.33002978,0,0,0,38.33002978,0.05,0.05,95.82507446,-25.0568074,63.38683718,39.12776306,63.38683718,
105390,32,M,College,Single,$100k to $120k,112500,8/31/2020,4,13800,0.157225693,752,0,0,0,0,0,11553.64205,0.037073725,43.39429125,0,0,0,43.39429125,0.05,0.05,108.4857281,12.66065368,30.73363757,69.86140063,30.73363757,
105390,32,M,College,Single,$100k to $120k,112500,9/30/2020,5,13800,0.188324095,751,0,0,0,0,0,11206.07588,0.037073725,51.97745029,0,0,0,51.97745029,0.05,0.05,129.9436257,21.45789758,30.5195527,100.3809533,30.5195527,
105390,32,M,College,Single,$100k to $120k,112500,10/31/2020,6,13800,0.195677388,751,0,0,0,0,0,10858.50971,0.037073725,54.00695916,0,0,0,54.00695916,0.05,0.05,135.0173979,5.073772171,48.93318698,149.3141403,48.93318698,
105390,33,M,College,Single,$100k to $120k,112500,11/30/2020,7,13800,0.145700968,753,0,0,0,0,0,10510.94354,0.037073725,40.21346724,0,0,0,40.21346724,0.05,0.05,100.5336681,-34.48372979,74.69719703,224.0113373,74.69719703,
105390,33,M,College,Single,$100k to $120k,112500,12/31/2020,8,13800,0.198868726,751,0,0,0,0,0,10163.37737,0.037073725,54.88776838,0,0,0,54.88776838,0.05,0.05,137.2194209,36.68575284,18.20201554,242.2133529,18.20201554,
105390,33,M,College,Single,$100k to $120k,112500,1/31/2021,9,13800,0.189728571,751,0,0,0,0,0,9815.811194,0.037073725,52.36508559,0,0,0,52.36508559,0.05,0.05,130.912714,-6.306706954,58.67179255,300.8851454,58.67179255,
105390,33,M,College,Single,$100k to $120k,112500,2/28/2021,10,13800,0.164703629,752,0,0,0,0,0,9468.245022,0.037073725,45.45820159,0,0,0,45.45820159,0.05,0.05,113.645504,-17.26721001,62.7254116,363.610557,62.7254116,
105390,33,M,College,Single,$100k to $120k,112500,3/31/2021,11,13800,0.15869096,752,0,0,0,0,0,9120.678849,0.037073725,43.79870495,0,0,0,43.79870495,0.05,0.05,109.4967624,-4.148741605,47.94744655,411.5580036,47.94744655,
105390,33,M,College,Single,$100k to $120k,112500,4/30/2021,12,13800,0.161514308,752,0,0,0,0,0,8773.112677,0.037073725,44.57794899,0,0,100,144.577949,0.05,0.05,111.4448725,1.948110113,142.6298389,554.1878425,142.6298389,
105390,33,M,College,Single,$100k to $120k,112500,5/31/2021,13,13800,0.186833514,751,0,0,0,0,0,8425.546505,0.037073725,51.56604975,0,0,0,51.56604975,0.05,0.05,128.9151244,17.4702519,34.09579785,588.2836403,34.09579785,
105390,33,M,College,Single,$100k to $120k,112500,6/30/2021,14,13800,0.178544815,751,0,0,0,0,0,8077.980333,0.037073725,49.27836903,0,0,0,49.27836903,0.05,0.05,123.1959226,-5.719201813,54.99757084,643.2812112,54.99757084,
105390,33,M,College,Single,$100k to $120k,112500,7/31/2021,15,13800,0.136734458,753,0,0,0,0,0,7730.414161,0.037073725,37.73871034,0,0,0,37.73871034,0.05,0.05,94.34677585,-28.84914671,66.58785706,709.8690682,66.58785706,
105390,33,M,College,Single,$100k to $120k,112500,8/31/2021,16,13800,0.189404379,751,0,0,0,0,0,7382.847989,0.037073725,52.27560862,0,0,0,52.27560862,0.05,0.05,130.6890216,36.3422457,15.93336292,725.8024311,15.93336292,
105390,33,M,College,Single,$100k to $120k,112500,9/30/2021,17,13800,0.166165131,752,0,0,0,0,0,7035.281817,0.037073725,45.86157613,0,0,0,45.86157613,0.05,0.05,114.6539403,-16.03508123,61.89665736,787.6990885,61.89665736,
105390,33,M,College,Single,$100k to $120k,112500,10/31/2021,18,13800,0.15037034,752,0,0,0,0,0,6687.715645,0.037073725,41.5022138,0,0,0,41.5022138,0.05,0.05,103.7555345,-10.89840584,52.40061963,840.0997081,52.40061963,
105390,34,M,College,Single,$100k to $120k,112500,11/30/2021,19,13800,0.168032047,752,0,0,0,0,0,6340.149473,0.037073725,46.37684492,0,0,0,46.37684492,0.05,0.05,115.9421123,12.18657781,34.19026711,874.2899752,34.19026711,
105390,34,M,College,Single,$100k to $120k,112500,12/31/2021,20,13800,0.158120852,752,0,0,0,0,0,5992.5833,0.037073725,43.64135503,0,0,0,43.64135503,0.05,0.05,109.1033876,-6.838724726,50.48007976,924.770055,50.48007976,
105390,34,M,College,Single,$100k to $120k,112500,1/31/2022,21,13800,0.172367305,752,0,0,0,0,0,5645.017128,0.037073725,47.57337606,0,0,0,47.57337606,0.05,0.05,118.9334402,9.830052573,37.74332349,962.5133785,37.74332349,
105390,34,M,College,Single,$100k to $120k,112500,2/28/2022,22,13800,0.195783136,751,0,0,0,0,0,5297.450956,0.037073725,54.03614549,0,0,0,54.03614549,0.05,0.05,135.0903637,16.15692356,37.87922193,1000.3926,37.87922193,
105390,34,M,College,Single,$100k to $120k,112500,3/31/2022,23,13800,0.195494053,751,0,0,0,0,0,4949.884784,0.037073725,53.95635859,0,0,0,53.95635859,0.05,0.05,134.8908965,-0.199467245,54.15582583,1054.548426,54.15582583,
105390,34,M,College,Single,$100k to $120k,112500,4/30/2022,24,13800,0.138313302,753,0,0,0,0,0,4602.318612,0.037073725,38.17447134,0,0,100,138.1744713,0.05,0.05,95.43617834,-39.45471813,177.6291895,1232.177616,177.6291895,
105390,34,M,College,Single,$100k to $120k,112500,5/31/2022,25,13800,0.182010332,751,0,0,0,0,0,4254.75244,0.037073725,50.23485158,0,0,0,50.23485158,0.05,0.05,125.587129,30.15095061,20.08390097,1252.261517,20.08390097,
105390,34,M,College,Single,$100k to $120k,112500,6/30/2022,26,13800,0.182107507,751,0,0,0,0,0,3907.186268,0.037073725,50.26167201,0,0,0,50.26167201,0.05,0.05,125.65418,0.067051073,50.19462094,1302.456138,50.19462094,
105390,34,M,College,Single,$100k to $120k,112500,7/31/2022,27,13800,0.192950048,751,0,0,0,0,0,3559.620096,0.037073725,53.25421313,0,0,0,53.25421313,0.05,0.05,133.1355328,7.481352798,45.77286033,1348.228998,45.77286033,
105390,34,M,College,Single,$100k to $120k,112500,8/31/2022,28,13800,0.138270924,753,0,0,0,0,0,3212.053923,0.037073725,38.16277499,0,0,0,38.16277499,0.05,0.05,95.40693748,-37.72859535,75.89137034,1424.120368,75.89137034,
105390,34,M,College,Single,$100k to $120k,112500,9/30/2022,29,13800,0.190354664,750,0,0,3,0,0,310117.2177,0.294621843,52.53788715,0,0,0,52.53788715,0.05,0.05,131.3447179,35.9377804,16.60010675,1440.720475,16.60010675,
105390,34,M,College,Single,$100k to $120k,112500,10/31/2022,30,13800,0.149688827,750,0,0,3,0,0,307702.7041,0.294621843,41.31411624,0,0,0,41.31411624,0.05,0.05,103.2852906,-28.05942727,69.37354351,1510.094019,69.37354351,
105390,35,M,College,Single,$100k to $120k,112500,11/30/2022,31,13800,0.173798224,750,0,0,3,0,0,305288.1905,0.294621843,47.9683097,0,0,0,47.9683097,0.05,0.05,119.9207742,16.63548364,31.33282606,1541.426845,31.33282606,
105390,35,M,College,Single,$100k to $120k,112500,12/31/2022,32,13800,0.148914771,750,0,0,3,0,0,302873.6769,0.294621843,41.10047674,0,0,0,41.10047674,0.05,0.05,102.7511918,-17.1695824,58.27005914,1599.696904,58.27005914,
105390,35,M,College,Single,$100k to $120k,112500,1/31/2023,33,13800,0.293519597,750,1,0,3,0,3442.984872,306212.0523,0.368072187,81.01140876,0,70.60988142,0,151.6212902,0.05,0.2,810.1140876,707.3628957,-555.7416055,1043.955298,-555.7416055,
105390,35,M,College,Single,$100k to $120k,112500,2/28/2023,34,13800,0.312225385,745,1,0,3,0,3662.403763,302991.3142,0.372753123,86.17420619,0,75.10979717,0,161.2840034,0.05,0.2,861.7420619,51.6279743,109.6560291,1153.611327,109.6560291,
105390,35,M,College,Single,$100k to $120k,112500,3/31/2023,35,13800,0.339282909,745,1,0,3,0,3979.788522,303057.2931,0.379523998,93.64208287,0,81.6188296,0,175.2609125,0.05,0.2,936.4208287,74.67876682,100.5821457,1254.193473,100.5821457,
105390,35,M,College,Single,$100k to $120k,112500,4/30/2023,36,13800,0.350880179,745,1,0,3,0,4115.824498,302846.1494,0.382426099,96.84292936,0,84.40870074,100,281.2516301,0.05,0.2,968.4292936,32.00846492,249.2431652,1503.436638,249.2431652,
105390,35,M,College,Single,$100k to $120k,112500,5/31/2023,37,13800,0.37199516,745,1,0,3,0,4363.503223,303062.9244,0.387709911,102.6706641,0,89.4881786,0,192.1588427,0.05,0.2,1026.706641,58.27734716,133.8814955,1637.318134,133.8814955,
105390,35,M,College,Single,$100k to $120k,112500,6/30/2023,38,13800,0.398688911,745,1,0,3,0,4676.620923,303021.5861,0.394389756,110.0381394,0,95.90970077,0,205.9478401,0.05,0.2,1100.381394,73.674753,132.2730871,1769.591221,132.2730871,
105390,35,M,College,Single,$100k to $120k,112500,7/31/2023,39,13800,0.419087118,740,1,0,3,0,4915.8919,302927.2498,0.399494203,115.6680447,0,100.8167497,0,216.4847944,0.05,0.2,1156.680447,56.29905325,160.1857412,1929.776962,160.1857412,
105390,35,M,College,Single,$100k to $120k,112500,8/31/2023,40,13800,0.438762299,740,1,0,3,0,5146.681767,302962.5039,0.40441772,121.0983945,0,105.5498652,0,226.6482597,0.05,0.2,1210.983945,54.3034981,172.3447616,2102.121724,172.3447616,
105390,35,M,College,Single,$100k to $120k,112500,9/30/2023,41,13800,0.426055448,740,2,1,4,0,4997.630405,302611.3319,0.401237958,117.5913037,0,102.4930702,0,220.0843739,0.05,0.35,2057.847814,846.8638688,-626.779495,1475.342229,-626.779495,
105390,35,M,College,Single,$100k to $120k,112500,10/31/2023,42,13800,0.472111268,740,2,1,4,0,5537.865169,303340.2392,0.412762966,130.3027099,0,113.5723848,0,243.8750947,0.05,0.35,2280.297423,222.4496087,21.42548602,1496.767715,21.42548602,
105390,36,M,College,Single,$100k to $120k,112500,11/30/2023,43,13800,0.520460578,735,2,1,4,0,6105.002581,303294.9198,0.424861898,143.6471196,0,125.2034279,0,268.8505475,0.05,0.35,2513.824592,233.5271697,35.32337784,1532.091092,35.32337784,
105390,36,M,College,Single,$100k to $120k,112500,12/31/2023,44,13800,0.630274499,730,3,2,4,0,7393.119877,303978.6065,0.531201679,173.9557618,0,151.6205668,0,325.5763286,0.05,0.5,4348.894045,1835.069453,-1509.493124,22.59796824,-1509.493124,
105390,36,M,College,Single,$100k to $120k,112500,1/31/2024,45,13800,0.709684844,725,3,2,4,0,8324.603215,303653.6775,0.561009146,195.8730168,0,170.7237376,0,366.5967544,0.05,0.5,4896.825421,547.9313754,-181.334621,-158.7366528,-181.334621,
105390,36,M,College,Single,$100k to $120k,112500,2/29/2024,46,13800,0.773613984,725,3,2,4,0,9074.492029,303538.559,0.585005588,213.5174595,0,186.1027074,0,399.6201669,0.05,0.5,5337.936488,441.111067,-41.49090016,-200.2275529,-41.49090016,
105390,36,M,College,Single,$100k to $120k,112500,3/31/2024,47,13800,0.846781936,720,3,2,4,0,9932.752109,303644.5981,0.61246991,233.7118143,0,203.7041912,0,437.4160055,0.05,0.5,5842.795358,504.8588708,-67.44286533,-267.6704182,-67.44286533,
105390,36,M,College,Single,$100k to $120k,112500,4/30/2024,48,13800,0.918983633,695,3,2,4,1,10779.67801,303680.6068,0.639571539,253.6394827,30,0,100,383.6394827,0.15,0.6,7609.184481,1766.389122,-1382.74964,-1650.420058,-1382.74964,
105390,36,M,College,Single,$100k to $120k,112500,5/31/2024,49,13800,0.963444073,675,4,4,4,2,13295.52821,305294.0239,0.861897713,48.71788129,30,0,0,78.71788129,0.4,0.9,11965.97539,4356.790905,-4278.073023,-5928.493081,-4278.073023,
105390,36,M,College,Single,$100k to $120k,112500,6/30/2024,50,13800,0.974859128,655,4,4,4,3,13453.05596,302870.1488,0.868618897,2.499298659,30,0,0,32.49929866,0.65,0.9,12107.75037,141.7749799,-109.2756812,-6037.768763,-109.2756812,
105390,36,M,College,Single,$100k to $120k,112500,7/31/2024,51,13800,0.979504635,635,4,4,4,4,13453.05596,302848.6903,0.868618897,0,0,0,0,0,0.72,0.9,12165.44756,57.69719748,-57.69719748,-6095.46596,-57.69719748,
105390,36,M,College,Single,$100k to $120k,112500,8/31/2024,52,13800,0.99,615,4,4,4,5,13453.05596,302684.3288,0.868618897,0,0,0,0,0,0.8,0.9,12295.8,130.352437,-130.352437,-6225.818397,-130.352437,
105390,36,M,College,Single,$100k to $120k,112500,9/30/2024,53,13800,0.99,595,4,4,4,6,13453.05596,302829.183,0.868618897,0,0,0,0,0,0.84,0.9,12295.8,0,0,-6225.818397,0,
105390,36,M,College,Single,$100k to $120k,112500,10/31/2024,54,13800,0.99,575,4,4,4,7,13453.05596,302678.8936,0.868618897,0,0,0,0,0,0.86,0.9,12295.8,0,0,-6225.818397,0,
105391,32,M,College,Single,$100k to $120k,112500,5/31/2020,1,13700,0.182699443,751,0,0,0,0,0,12954.88266,0.034766066,50.05964732,0,0,0,50.05964732,0.05,0.05,125.1491183,125.1491183,-75.08947098,-75.08947098,-75.08947098,
105391,32,M,College,Single,$100k to $120k,112500,6/30/2020,2,13700,0.174525458,752,0,0,0,0,0,12628.9508,0.034766066,47.81997545,0,0,0,47.81997545,0.05,0.05,119.5499386,-5.599179693,53.41915514,-21.67031585,53.41915514,
105391,32,M,College,Single,$100k to $120k,112500,7/31/2020,3,13700,0.182170305,751,0,0,0,0,0,12303.01893,0.034766066,49.91466348,0,0,0,49.91466348,0.05,0.05,124.7866587,5.23672009,44.67794339,23.00762755,44.67794339,
105391,32,M,College,Single,$100k to $120k,112500,8/31/2020,4,13700,0.180342912,751,0,0,0,0,0,11977.08707,0.034766066,49.41395786,0,0,0,49.41395786,0.05,0.05,123.5348946,-1.251764062,50.66572192,73.67334947,50.66572192,
105391,32,M,College,Single,$100k to $120k,112500,9/30/2020,5,13700,0.150784585,752,0,0,0,0,0,11651.1552,0.034766066,41.31497625,0,0,0,41.31497625,0.05,0.05,103.2874406,-20.24745402,61.56243027,135.2357797,61.56243027,
105391,32,M,College,Single,$100k to $120k,112500,10/31/2020,6,13700,0.153391799,752,0,0,0,0,0,11325.22334,0.034766066,42.0293528,0,0,0,42.0293528,0.05,0.05,105.073382,1.785941368,40.24341143,175.4791912,40.24341143,
105391,33,M,College,Single,$100k to $120k,112500,11/30/2020,7,13700,0.179387049,751,0,0,0,0,0,10999.29147,0.034766066,49.15205151,0,0,0,49.15205151,0.05,0.05,122.8801288,17.80674678,31.34530473,206.8244959,31.34530473,
105391,33,M,College,Single,$100k to $120k,112500,12/31/2020,8,13700,0.156649388,752,0,0,0,0,0,10673.35961,0.034766066,42.92193241,0,0,0,42.92193241,0.05,0.05,107.304831,-15.57529774,58.49723016,265.321726,58.49723016,
105391,33,M,College,Single,$100k to $120k,112500,1/31/2021,9,13700,0.178428596,751,0,0,0,0,0,10347.42774,0.034766066,48.8894354,0,0,0,48.8894354,0.05,0.05,122.2235885,14.91875748,33.97067793,299.292404,33.97067793,
105391,33,M,College,Single,$100k to $120k,112500,2/28/2021,10,13700,0.136241611,753,0,0,0,0,0,10021.49588,0.034766066,37.33020136,0,0,0,37.33020136,0.05,0.05,93.3255034,-28.89808511,66.22828647,365.5206904,66.22828647,
105391,33,M,College,Single,$100k to $120k,112500,3/31/2021,11,13700,0.13107483,753,0,0,0,0,0,9695.564014,0.034766066,35.91450344,0,0,0,35.91450344,0.05,0.05,89.78625859,-3.539244801,39.45374824,404.9744387,39.45374824,
105391,33,M,College,Single,$100k to $120k,112500,4/30/2021,12,13700,0.133640097,753,0,0,0,0,0,9369.632149,0.034766066,36.61738663,0,0,100,136.6173866,0.05,0.05,91.54346658,1.757207983,134.8601786,539.8346173,134.8601786,
105391,33,M,College,Single,$100k to $120k,112500,5/31/2021,13,13700,0.185598948,751,0,0,0,0,0,9043.700284,0.034766066,50.85411171,0,0,0,50.85411171,0.05,0.05,127.1352793,35.59181269,15.26229902,555.0969163,15.26229902,
105391,33,M,College,Single,$100k to $120k,112500,6/30/2021,14,13700,0.17591918,751,0,0,0,0,0,8717.768419,0.034766066,48.20185519,0,0,0,48.20185519,0.05,0.05,120.504638,-6.630641292,54.83249648,609.9294128,54.83249648,
105391,33,M,College,Single,$100k to $120k,112500,7/31/2021,15,13700,0.18632002,751,0,0,0,0,0,8391.836554,0.034766066,51.05168561,0,0,0,51.05168561,0.05,0.05,127.629214,7.124576051,43.92710956,653.8565224,43.92710956,
105391,33,M,College,Single,$100k to $120k,112500,8/31/2021,16,13700,0.183609719,751,0,0,0,0,0,8065.904689,0.034766066,50.30906293,0,0,0,50.30906293,0.05,0.05,125.7726573,-1.856556697,52.16561963,706.022142,52.16561963,
105391,33,M,College,Single,$100k to $120k,112500,9/30/2021,17,13700,0.181170093,751,0,0,0,0,0,7739.972823,0.034766066,49.64060535,0,0,0,49.64060535,0.05,0.05,124.1015134,-1.671143955,51.3117493,757.3338913,51.3117493,
105391,33,M,College,Single,$100k to $120k,112500,10/31/2021,18,13700,0.16655939,752,0,0,0,0,0,7414.040958,0.034766066,45.63727295,0,0,0,45.63727295,0.05,0.05,114.0931824,-10.00833099,55.64560394,812.9794953,55.64560394,
105391,34,M,College,Single,$100k to $120k,112500,11/30/2021,19,13700,0.130069819,753,0,0,0,0,0,7088.109093,0.034766066,35.63913052,0,0,0,35.63913052,0.05,0.05,89.09782629,-24.99535609,60.63448661,873.6139819,60.63448661,
105391,34,M,College,Single,$100k to $120k,112500,12/31/2021,20,13700,0.196652365,751,0,0,0,0,0,6762.177228,0.034766066,53.88274793,0,0,0,53.88274793,0.05,0.05,134.7068698,45.60904354,8.273704394,881.8876863,8.273704394,
105391,34,M,College,Single,$100k to $120k,112500,1/31/2022,21,13700,0.13161941,753,0,0,0,0,0,6436.245363,0.034766066,36.06371846,0,0,0,36.06371846,0.05,0.05,90.15929615,-44.54757367,80.61129213,962.4989784,80.61129213,
105391,34,M,College,Single,$100k to $120k,112500,2/28/2022,22,13700,0.132843132,753,0,0,0,0,0,6110.313498,0.034766066,36.39901805,0,0,0,36.39901805,0.05,0.05,90.99754511,0.838248964,35.56076908,998.0597475,35.56076908,
105391,34,M,College,Single,$100k to $120k,112500,3/31/2022,23,13700,0.17008571,752,0,0,0,0,0,5784.381633,0.034766066,46.6034846,0,0,0,46.6034846,0.05,0.05,116.5087115,25.51116638,21.09231822,1019.152066,21.09231822,
105391,34,M,College,Single,$100k to $120k,112500,4/30/2022,24,13700,0.168971252,752,0,0,0,0,0,5458.449768,0.034766066,46.29812305,0,0,100,146.2981231,0.05,0.05,115.7453076,-0.763403862,147.0615269,1166.213593,147.0615269,
105391,34,M,College,Single,$100k to $120k,112500,5/31/2022,25,13700,0.160033766,752,0,0,0,0,0,5132.517903,0.034766066,43.84925183,0,0,0,43.84925183,0.05,0.05,109.6231296,-6.122178066,49.97142989,1216.185023,49.97142989,
105391,34,M,College,Single,$100k to $120k,112500,6/30/2022,26,13700,0.175662173,751,0,0,0,0,0,4806.586038,0.034766066,48.13143533,0,0,0,48.13143533,0.05,0.05,120.3285883,10.70545875,37.42597657,1253.610999,37.42597657,
105391,34,M,College,Single,$100k to $120k,112500,7/31/2022,27,13700,0.141485012,753,0,0,0,0,0,4480.654172,0.034766066,38.76689334,0,0,0,38.76689334,0.05,0.05,96.91723334,-23.41135498,62.17824831,1315.789247,62.17824831,
105391,34,M,College,Single,$100k to $120k,112500,8/31/2022,28,13700,0.173188682,752,0,0,0,0,0,4154.722307,0.034766066,47.45369893,0,0,0,47.45369893,0.05,0.05,118.6342473,21.71701399,25.73668494,1341.525932,25.73668494,
105391,34,M,College,Single,$100k to $120k,112500,9/30/2022,29,13700,0.156555719,750,0,0,3,0,0,335735.6277,0.256176052,42.89626689,0,0,0,42.89626689,0.05,0.05,107.2406672,-11.3935801,54.28984699,1395.815779,54.28984699,
105391,34,M,College,Single,$100k to $120k,112500,10/31/2022,30,13700,0.1305832,750,0,0,3,0,0,333659.9091,0.256176052,35.77979674,0,0,0,35.77979674,0.05,0.05,89.44949186,-17.79117537,53.57097212,1449.386751,53.57097212,
105391,35,M,College,Single,$100k to $120k,112500,11/30/2022,31,13700,0.161172963,750,0,0,3,0,0,331584.1905,0.256176052,44.16139182,0,0,0,44.16139182,0.05,0.05,110.4034795,20.95398768,23.20740413,1472.594156,23.20740413,
105391,35,M,College,Single,$100k to $120k,112500,12/31/2022,32,13700,0.173657918,750,0,0,3,0,0,329508.4719,0.256176052,47.58226948,0,0,0,47.58226948,0.05,0.05,118.9556737,8.552194169,39.03007531,1511.624231,39.03007531,
105391,35,M,College,Single,$100k to $120k,112500,1/31/2023,33,13700,0.295527483,750,1,0,3,0,3441.417538,332861.9592,0.329592959,80.9745303,0,70.577738,0,151.5522683,0.05,0.2,809.745303,690.7896293,-539.237361,972.3868699,-539.237361,
105391,35,M,College,Single,$100k to $120k,112500,2/28/2023,34,13700,0.312199967,745,1,0,3,0,3635.56862,329578.9863,0.333734849,85.54279105,0,74.55945311,0,160.1022442,0.05,0.2,855.4279105,45.68260748,114.4196367,1086.806507,114.4196367,
105391,35,M,College,Single,$100k to $120k,112500,3/31/2023,35,13700,0.339592932,745,1,0,3,0,3954.559696,329759.7095,0.340539992,93.04846344,0,81.10142843,0,174.1498919,0.05,0.2,930.4846344,75.05672389,99.09316798,1185.899675,99.09316798,
105391,35,M,College,Single,$100k to $120k,112500,4/30/2023,36,13700,0.351407188,745,1,0,3,0,4092.136704,329456.3985,0.343474968,96.28556952,0,83.92290358,100,280.2084731,0.05,0.2,962.8556952,32.37106079,247.8374123,1433.737087,247.8374123,
105391,35,M,College,Single,$100k to $120k,112500,5/31/2023,37,13700,0.370122524,745,1,0,3,0,4310.076794,329680.0622,0.348124357,101.4135716,0,88.39249158,0,189.8060632,0.05,0.2,1014.135716,51.28002105,138.5260422,1572.263129,138.5260422,
105391,35,M,College,Single,$100k to $120k,112500,6/30/2023,38,13700,0.394001947,745,1,0,3,0,4588.152669,329761.6556,0.354056642,107.9565334,0,94.09536432,0,202.0518977,0.05,0.2,1079.565334,65.42961772,136.62228,1708.885409,136.62228,
105391,35,M,College,Single,$100k to $120k,112500,7/31/2023,39,13700,0.417059495,740,1,0,3,0,4856.657824,329611.9538,0.359784752,114.2743017,0,99.60195754,0,213.8762593,0.05,0.2,1142.743017,63.17768345,150.6985758,1859.583985,150.6985758,
105391,35,M,College,Single,$100k to $120k,112500,8/31/2023,40,13700,0.438453137,740,1,0,3,0,5105.786775,329630.3369,0.365099503,120.1361594,0,104.7111771,0,224.8473365,0.05,0.2,1201.361594,58.61857669,166.2287598,2025.812745,166.2287598,
105391,35,M,College,Single,$100k to $120k,112500,9/30/2023,41,13700,0.424519453,740,2,1,4,0,4943.529032,329215.0936,0.361638004,116.3183302,0,101.3835412,0,217.7018714,0.05,0.35,2035.570778,834.2091837,-616.5073123,1409.305432,-616.5073123,
105391,35,M,College,Single,$100k to $120k,112500,10/31/2023,42,13700,0.478384355,740,2,1,4,0,5570.785814,329978.8585,0.375019482,131.0773133,0,114.2475324,0,245.3248457,0.05,0.35,2293.852982,258.2822044,-12.95735874,1396.348074,-12.95735874,
105391,36,M,College,Single,$100k to $120k,112500,11/30/2023,43,13700,0.525098806,735,2,1,4,0,6114.775597,329913.9543,0.386624598,143.8770729,0,125.4038562,0,269.2809291,0.05,0.35,2517.848775,223.9957931,45.285136,1441.63321,45.285136,
105391,36,M,College,Single,$100k to $120k,112500,12/31/2023,44,13700,0.63840771,730,3,2,4,0,7434.257788,330709.0384,0.494072301,174.9237127,0,152.4642368,0,327.3879495,0.05,0.5,4373.092817,1855.244041,-1527.856092,-86.22288223,-1527.856092,
105391,36,M,College,Single,$100k to $120k,112500,1/31/2024,45,13700,0.70514125,725,3,2,4,0,8211.369857,330125.084,0.518939887,193.2087025,0,168.4015101,0,361.6102127,0.05,0.5,4830.217563,457.1247463,-95.51453368,-181.7374159,-95.51453368,
105391,36,M,College,Single,$100k to $120k,112500,2/29/2024,46,13700,0.770837343,725,3,2,4,0,8976.40086,330248.0408,0.543420879,211.209432,0,184.091021,0,395.300453,0.05,0.5,5280.2358,450.0182373,-54.71778431,-236.4552002,-54.71778431,
105391,36,M,College,Single,$100k to $120k,112500,3/31/2024,47,13700,0.845976336,720,3,2,4,0,9851.394429,330328.4198,0.571420673,231.797516,0,202.0356807,0,433.8331967,0.05,0.5,5794.937899,514.7020991,-80.86890237,-317.3241026,-80.86890237,
105391,36,M,College,Single,$100k to $120k,112500,4/30/2024,48,13700,0.918729399,695,3,2,4,1,10698.60385,330162.9576,0.598531375,251.7318552,30,0,100,381.7318552,0.15,0.6,7551.955657,1757.017757,-1375.285902,-1692.610005,-1375.285902,
105391,36,M,College,Single,$100k to $120k,112500,5/31/2024,49,13700,0.965011541,675,4,4,4,2,13220.65812,331847.07,0.820257465,48.83946927,30,0,0,78.83946927,0.4,0.9,11898.5923,4346.636648,-4267.797179,-5960.407183,-4267.797179,
105391,36,M,College,Single,$100k to $120k,112500,6/30/2024,50,13700,0.974102528,655,4,4,4,3,13345.20464,329551.4863,0.82557145,1.852929954,30,0,0,31.85292995,0.65,0.9,12010.68418,112.0918707,-80.2389407,-6040.646124,-80.2389407,
105391,36,M,College,Single,$100k to $120k,112500,7/31/2024,51,13700,0.979731901,635,4,4,4,4,13345.20464,329488.7395,0.82557145,0,0,0,0,0,0.72,0.9,12080.09433,69.41015798,-69.41015798,-6110.056282,-69.41015798,
105391,36,M,College,Single,$100k to $120k,112500,8/31/2024,52,13700,0.99,615,4,4,4,5,13345.20464,329447.2546,0.82557145,0,0,0,0,0,0.8,0.9,12206.7,126.6056668,-126.6056668,-6236.661949,-126.6056668,
105391,36,M,College,Single,$100k to $120k,112500,9/30/2024,53,13700,0.99,595,4,4,4,6,13345.20464,329406.6014,0.82557145,0,0,0,0,0,0.84,0.9,12206.7,0,0,-6236.661949,0,
105391,36,M,College,Single,$100k to $120k,112500,10/31/2024,54,13700,0.99,575,4,4,4,7,13345.20464,329477.7509,0.82557145,0,0,0,0,0,0.86,0.9,12206.7,0,0,-6236.661949,0,
105392,32,M,College,Single,$100k to $120k,112500,5/31/2020,1,13800,0.154344816,752,0,0,0,0,0,12772.32815,0.037076922,42.59916909,0,0,0,42.59916909,0.05,0.05,106.4979227,106.4979227,-63.89875363,-63.89875363,-63.89875363,
105392,32,M,College,Single,$100k to $120k,112500,6/30/2020,2,13800,0.17223162,752,0,0,0,0,0,12424.73201,0.037076922,47.53592719,0,0,0,47.53592719,0.05,0.05,118.839818,12.34189525,35.19403194,-28.7047217,35.19403194,
105392,32,M,College,Single,$100k to $120k,112500,7/31/2020,3,13800,0.15617098,752,0,0,0,0,0,12077.13586,0.037076922,43.10319053,0,0,0,43.10319053,0.05,0.05,107.7579763,-11.08184166,54.18503219,25.48031049,54.18503219,
105392,32,M,College,Single,$100k to $120k,112500,8/31/2020,4,13800,0.166321721,752,0,0,0,0,0,11729.53972,0.037076922,45.90479498,0,0,0,45.90479498,0.05,0.05,114.7619874,7.004011122,38.90078385,64.38109434,38.90078385,
105392,32,M,College,Single,$100k to $120k,112500,9/30/2020,5,13800,0.182283788,751,0,0,0,0,0,11381.94357,0.037076922,50.31032563,0,0,0,50.31032563,0.05,0.05,125.7758141,11.01382662,39.296499,103.6775933,39.296499,
105392,32,M,College,Single,$100k to $120k,112500,10/31/2020,6,13800,0.158409457,752,0,0,0,0,0,11034.34743,0.037076922,43.72101007,0,0,0,43.72101007,0.05,0.05,109.3025252,-16.47328888,60.19429895,163.8718923,60.19429895,
105392,33,M,College,Single,$100k to $120k,112500,11/30/2020,7,13800,0.134340019,753,0,0,0,0,0,10686.75128,0.037076922,37.07784512,0,0,0,37.07784512,0.05,0.05,92.6946128,-16.60791238,53.6857575,217.5576498,53.6857575,
105392,33,M,College,Single,$100k to $120k,112500,12/31/2020,8,13800,0.18762027,751,0,0,0,0,0,10339.15514,0.037076922,51.78319455,0,0,0,51.78319455,0.05,0.05,129.4579864,36.76337357,15.01982098,232.5774708,15.01982098,
105392,33,M,College,Single,$100k to $120k,112500,1/31/2021,9,13800,0.156300335,752,0,0,0,0,0,9991.558991,0.037076922,43.13889233,0,0,0,43.13889233,0.05,0.05,107.8472308,-21.61075554,64.74964787,297.3271187,64.74964787,
105392,33,M,College,Single,$100k to $120k,112500,2/28/2021,10,13800,0.133906149,753,0,0,0,0,0,9643.962847,0.037076922,36.95809708,0,0,0,36.95809708,0.05,0.05,92.3952427,-15.45198814,52.41008521,349.7372039,52.41008521,
105392,33,M,College,Single,$100k to $120k,112500,3/31/2021,11,13800,0.144398871,753,0,0,0,0,0,9296.366702,0.037076922,39.85408851,0,0,0,39.85408851,0.05,0.05,99.63522129,7.239978591,32.61410992,382.3513138,32.61410992,
105392,33,M,College,Single,$100k to $120k,112500,4/30/2021,12,13800,0.149303228,753,0,0,0,0,0,8948.770557,0.037076922,41.207691,0,0,100,141.207691,0.05,0.05,103.0192275,3.384006217,137.8236848,520.1749986,137.8236848,
105392,33,M,College,Single,$100k to $120k,112500,5/31/2021,13,13800,0.19418538,751,0,0,0,0,0,8601.174412,0.037076922,53.59516496,0,0,0,53.59516496,0.05,0.05,133.9879124,30.96868489,22.62648007,542.8014786,22.62648007,
105392,33,M,College,Single,$100k to $120k,112500,6/30/2021,14,13800,0.194939962,751,0,0,0,0,0,8253.578267,0.037076922,53.80342945,0,0,0,53.80342945,0.05,0.05,134.5085736,0.520661227,53.28276822,596.0842469,53.28276822,
105392,33,M,College,Single,$100k to $120k,112500,7/31/2021,15,13800,0.171730734,752,0,0,0,0,0,7905.982123,0.037076922,47.39768249,0,0,0,47.39768249,0.05,0.05,118.4942062,-16.0143674,63.41204988,659.4962968,63.41204988,
105392,33,M,College,Single,$100k to $120k,112500,8/31/2021,16,13800,0.193462725,751,0,0,0,0,0,7558.385978,0.037076922,53.39571198,0,0,0,53.39571198,0.05,0.05,133.4892799,14.99507372,38.40063826,697.896935,38.40063826,
105392,33,M,College,Single,$100k to $120k,112500,9/30/2021,17,13800,0.181982698,751,0,0,0,0,0,7210.789833,0.037076922,50.22722458,0,0,0,50.22722458,0.05,0.05,125.5680615,-7.921218488,58.14844307,756.0453781,58.14844307,
105392,33,M,College,Single,$100k to $120k,112500,10/31/2021,18,13800,0.154877543,752,0,0,0,0,0,6863.193688,0.037076922,42.7462018,0,0,0,42.7462018,0.05,0.05,106.8655045,-18.70255696,61.44875876,817.4941368,61.44875876,
105392,34,M,College,Single,$100k to $120k,112500,11/30/2021,19,13800,0.148018607,753,0,0,0,0,0,6515.597543,0.037076922,40.85313545,0,0,0,40.85313545,0.05,0.05,102.1328386,-4.732665859,45.58580131,863.0799381,45.58580131,
105392,34,M,College,Single,$100k to $120k,112500,12/31/2021,20,13800,0.135252592,753,0,0,0,0,0,6168.001399,0.037076922,37.32971546,0,0,0,37.32971546,0.05,0.05,93.32428864,-8.808549992,46.13826545,909.2182036,46.13826545,
105392,34,M,College,Single,$100k to $120k,112500,1/31/2022,21,13800,0.178282724,751,0,0,0,0,0,5820.405254,0.037076922,49.2060317,0,0,0,49.2060317,0.05,0.05,123.0150793,29.69079061,19.51524109,928.7334447,19.51524109,
105392,34,M,College,Single,$100k to $120k,112500,2/28/2022,22,13800,0.134556255,753,0,0,0,0,0,5472.809109,0.037076922,37.13752642,0,0,0,37.13752642,0.05,0.05,92.84381606,-30.1712632,67.30878962,996.0422343,67.30878962,
105392,34,M,College,Single,$100k to $120k,112500,3/31/2022,23,13800,0.142197553,753,0,0,0,0,0,5125.212964,0.037076922,39.24652452,0,0,0,39.24652452,0.05,0.05,98.1163113,5.272495243,33.97402928,1030.016264,33.97402928,
105392,34,M,College,Single,$100k to $120k,112500,4/30/2022,24,13800,0.171289452,752,0,0,0,0,0,4777.616819,0.037076922,47.27588878,0,0,100,147.2758888,0.05,0.05,118.1897219,20.07341064,127.2024781,1157.218742,127.2024781,
105392,34,M,College,Single,$100k to $120k,112500,5/31/2022,25,13800,0.13547916,753,0,0,0,0,0,4430.020675,0.037076922,37.39224826,0,0,0,37.39224826,0.05,0.05,93.48062065,-24.70910129,62.10134955,1219.320091,62.10134955,
105392,34,M,College,Single,$100k to $120k,112500,6/30/2022,26,13800,0.184019512,751,0,0,0,0,0,4082.42453,0.037076922,50.7893852,0,0,0,50.7893852,0.05,0.05,126.973463,33.49284236,17.29654285,1236.616634,17.29654285,
105392,34,M,College,Single,$100k to $120k,112500,7/31/2022,27,13800,0.167390318,752,0,0,0,0,0,3734.828385,0.037076922,46.19972766,0,0,0,46.19972766,0.05,0.05,115.4993192,-11.47414385,57.67387152,1294.290506,57.67387152,
105392,34,M,College,Single,$100k to $120k,112500,8/31/2022,28,13800,0.154308448,752,0,0,0,0,0,3387.23224,0.037076922,42.58913162,0,0,0,42.58913162,0.05,0.05,106.472829,-9.026490103,51.61562172,1345.906127,51.61562172,
105392,34,M,College,Single,$100k to $120k,112500,9/30/2022,29,13800,0.188774814,750,0,0,3,0,0,343290.6972,0.274739462,52.1018486,0,0,0,52.1018486,0.05,0.05,130.2546215,23.78179244,28.32005616,1374.226184,28.32005616,
105392,34,M,College,Single,$100k to $120k,112500,10/31/2022,30,13800,0.164881207,750,0,0,3,0,0,341062.6109,0.274739462,45.50721307,0,0,0,45.50721307,0.05,0.05,113.7680327,-16.48658881,61.99380188,1436.219985,61.99380188,
105392,35,M,College,Single,$100k to $120k,112500,11/30/2022,31,13800,0.182842805,750,0,0,3,0,0,338834.5246,0.274739462,50.46461422,0,0,0,50.46461422,0.05,0.05,126.1615355,12.39350286,38.07111136,1474.291097,38.07111136,
105392,35,M,College,Single,$100k to $120k,112500,12/31/2022,32,13800,0.152683178,750,0,0,3,0,0,336606.4382,0.274739462,42.14055704,0,0,0,42.14055704,0.05,0.05,105.3513926,-20.81014293,62.95069998,1537.241797,62.95069998,
105392,35,M,College,Single,$100k to $120k,112500,1/31/2023,33,13800,0.295974652,750,1,0,3,0,3471.782667,339947.2257,0.348804159,81.68900394,0,71.2004762,0,152.8894801,0.05,0.2,816.8900394,711.5386468,-558.6491666,978.5926301,-558.6491666,
105392,35,M,College,Single,$100k to $120k,112500,2/28/2023,34,13800,0.316552946,745,1,0,3,0,3713.166056,336835.6673,0.353953671,87.36861309,0,76.1508472,0,163.5194603,0.05,0.2,873.6861309,56.7960915,106.7233688,1085.315999,106.7233688,
105392,35,M,College,Single,$100k to $120k,112500,3/31/2023,35,13800,0.33853112,745,1,0,3,0,3970.97004,336706.536,0.359453489,93.43458919,0,81.43797725,0,174.8725664,0.05,0.2,934.3458919,60.65976101,114.2128054,1199.528804,114.2128054,
105392,35,M,College,Single,$100k to $120k,112500,4/30/2023,36,13800,0.353339503,745,1,0,3,0,4144.672371,336676.5277,0.363159139,97.52170285,0,85.00032255,100,282.5220254,0.05,0.2,975.2170285,40.87113665,241.6508887,1441.179693,241.6508887,
105392,35,M,College,Single,$100k to $120k,112500,5/31/2023,37,13800,0.376616288,745,1,0,3,0,4417.709054,336794.3875,0.368983921,103.9460954,0,90.59984985,0,194.5459452,0.05,0.2,1039.460954,64.2439254,130.3020198,1571.481713,130.3020198,
105392,35,M,College,Single,$100k to $120k,112500,6/30/2023,38,13800,0.398888663,745,1,0,3,0,4678.964018,336739.5694,0.374557361,110.093271,0,95.95775374,0,206.0510248,0.05,0.2,1100.93271,61.47175626,144.5792685,1716.060981,144.5792685,
105392,35,M,College,Single,$100k to $120k,112500,7/31/2023,39,13800,0.411166152,740,1,0,3,0,4822.978965,336665.6729,0.37762968,113.481858,0,98.91126028,0,212.3931183,0.05,0.2,1134.81858,33.88586989,178.5072484,1894.56823,178.5072484,
105392,35,M,College,Single,$100k to $120k,112500,8/31/2023,40,13800,0.438223126,740,1,0,3,0,5140.357263,336858.7604,0.384400417,120.9495827,0,105.4201602,0,226.3697429,0.05,0.2,1209.495827,74.67724645,151.6924964,2046.260726,151.6924964,
105392,35,M,College,Single,$100k to $120k,112500,9/30/2023,41,13800,0.426182934,740,2,1,4,0,4999.125818,336367.6217,0.381387479,117.6264898,0,102.5237386,0,220.1502285,0.05,0.35,2058.463572,848.9677454,-628.8175169,1417.443209,-628.8175169,
105392,35,M,College,Single,$100k to $120k,112500,10/31/2023,42,13800,0.471486958,740,2,1,4,0,5530.542012,337084.0302,0.392724358,130.1304003,0,113.4221991,0,243.5525994,0.05,0.35,2277.282005,218.8184331,24.73416626,1442.177376,24.73416626,
105392,36,M,College,Single,$100k to $120k,112500,11/30/2023,43,13800,0.528584254,735,2,1,4,0,6200.293296,337196.1841,0.407012385,145.889254,0,127.1576817,0,273.0469357,0.05,0.35,2553.061946,275.7799405,-2.733004784,1439.444371,-2.733004784,
105392,36,M,College,Single,$100k to $120k,112500,12/31/2023,44,13800,0.631280671,730,3,2,4,0,7404.922274,337679.6603,0.511696974,174.2334653,0,151.8626143,0,326.0960796,0.05,0.5,4355.836632,1802.774686,-1476.678607,-37.23423585,-1476.678607,
105392,36,M,College,Single,$100k to $120k,112500,1/31/2024,45,13800,0.705897494,725,3,2,4,0,8280.17761,337423.6311,0.539705145,194.8277085,0,169.8126425,0,364.640351,0.05,0.5,4870.692712,514.85608,-150.215729,-187.4499649,-150.215729,
105392,36,M,College,Single,$100k to $120k,112500,2/29/2024,46,13800,0.777389276,725,3,2,4,0,9118.776207,337315.7589,0.5665403,214.5594402,0,187.0109021,0,401.5703422,0.05,0.5,5363.986004,493.2932925,-91.72295032,-279.1729152,-91.72295032,
105392,36,M,College,Single,$100k to $120k,112500,3/31/2024,47,13800,0.840727072,720,3,2,4,0,9861.728557,337342.926,0.590314775,232.0406719,0,202.2476165,0,434.2882884,0.05,0.5,5801.016798,437.0307941,-2.742505677,-281.9154209,-2.742505677,
105392,36,M,College,Single,$100k to $120k,112500,4/30/2024,48,13800,0.918237448,695,3,2,4,1,10770.92526,337422.7049,0.61940907,253.4335356,30,0,100,383.4335356,0.15,0.6,7603.006069,1801.989271,-1418.555735,-1700.471156,-1418.555735,
105392,36,M,College,Single,$100k to $120k,112500,5/31/2024,49,13800,0.965243007,675,4,4,4,2,13320.3535,339126.4838,0.843074544,49.3759463,30,0,0,79.3759463,0.4,0.9,11988.31815,4385.312079,-4305.936133,-6006.407289,-4305.936133,
105392,36,M,College,Single,$100k to $120k,112500,6/30/2024,50,13800,0.973877197,655,4,4,4,3,13439.50532,336655.7398,0.848158355,1.747204163,30,0,0,31.74720416,0.65,0.9,12095.55479,107.2366384,-75.48943423,-6081.896723,-75.48943423,
105392,36,M,College,Single,$100k to $120k,112500,7/31/2024,51,13800,0.979874745,635,4,4,4,4,13439.50532,336582.0944,0.848158355,0,0,0,0,0,0.72,0.9,12170.04433,74.48954152,-74.48954152,-6156.386264,-74.48954152,
105392,36,M,College,Single,$100k to $120k,112500,8/31/2024,52,13800,0.989931855,615,4,4,4,5,13439.50532,336562.0131,0.848158355,0,0,0,0,0,0.8,0.9,12294.95365,124.9093172,-124.9093172,-6281.295582,-124.9093172,
105392,36,M,College,Single,$100k to $120k,112500,9/30/2024,53,13800,0.99,595,4,4,4,6,13439.50532,336525.9105,0.848158355,0,0,0,0,0,0.84,0.9,12295.8,0.846354768,-0.846354768,-6282.141936,-0.846354768,
105392,36,M,College,Single,$100k to $120k,112500,10/31/2024,54,13800,0.99,575,4,4,4,7,13439.50532,336545.6487,0.848158355,0,0,0,0,0,0.86,0.9,12295.8,0,0,-6282.141936,0,
105393,32,M,College,Single,$100k to $120k,112500,5/31/2020,1,13900,0.14697432,753,0,0,0,0,0,12780.51964,0.034296338,40.85886104,0,0,0,40.85886104,0.05,0.05,102.1471526,102.1471526,-61.28829156,-61.28829156,-61.28829156,
105393,32,M,College,Single,$100k to $120k,112500,6/30/2020,2,13900,0.133936261,753,0,0,0,0,0,12458.99147,0.034296338,37.23428068,0,0,0,37.23428068,0.05,0.05,93.08570169,-9.061450901,46.29573158,-14.99255998,46.29573158,
105393,32,M,College,Single,$100k to $120k,112500,7/31/2020,3,13900,0.150288215,752,0,0,0,0,0,12137.4633,0.034296338,41.78012364,0,0,0,41.78012364,0.05,0.05,104.4503091,11.3646074,30.41551623,15.42295626,30.41551623,
105393,32,M,College,Single,$100k to $120k,112500,8/31/2020,4,13900,0.150164274,752,0,0,0,0,0,11815.93513,0.034296338,41.74566817,0,0,0,41.74566817,0.05,0.05,104.3641704,-0.086138658,41.83180683,57.25476309,41.83180683,
105393,32,M,College,Single,$100k to $120k,112500,9/30/2020,5,13900,0.183604481,751,0,0,0,0,0,11494.40696,0.034296338,51.04204582,0,0,0,51.04204582,0.05,0.05,127.6051145,23.24094411,27.80110171,85.0558648,27.80110171,
105393,32,M,College,Single,$100k to $120k,112500,10/31/2020,6,13900,0.144704618,753,0,0,0,0,0,11172.87879,0.034296338,40.22788385,0,0,0,40.22788385,0.05,0.05,100.5697096,-27.03540492,67.26328877,152.3191536,67.26328877,
105393,33,M,College,Single,$100k to $120k,112500,11/30/2020,7,13900,0.153201814,752,0,0,0,0,0,10851.35062,0.034296338,42.59010442,0,0,0,42.59010442,0.05,0.05,106.475261,5.905551423,36.684553,189.0037066,36.684553,
105393,33,M,College,Single,$100k to $120k,112500,12/31/2020,8,13900,0.170192839,752,0,0,0,0,0,10529.82245,0.034296338,47.31360931,0,0,0,47.31360931,0.05,0.05,118.2840233,11.80876223,35.50484708,224.5085536,35.50484708,
105393,33,M,College,Single,$100k to $120k,112500,1/31/2021,9,13900,0.140947892,753,0,0,0,0,0,10208.29427,0.034296338,39.18351399,0,0,0,39.18351399,0.05,0.05,97.95878497,-20.32523831,59.5087523,284.0173059,59.5087523,
105393,33,M,College,Single,$100k to $120k,112500,2/28/2021,10,13900,0.187541658,751,0,0,0,0,0,9886.766104,0.034296338,52.13658085,0,0,0,52.13658085,0.05,0.05,130.3414521,32.38266715,19.7539137,303.7712196,19.7539137,
105393,33,M,College,Single,$100k to $120k,112500,3/31/2021,11,13900,0.160490861,752,0,0,0,0,0,9565.237933,0.034296338,44.61645934,0,0,0,44.61645934,0.05,0.05,111.5411484,-18.80030377,63.41676311,367.1879828,63.41676311,
105393,33,M,College,Single,$100k to $120k,112500,4/30/2021,12,13900,0.188370088,751,0,0,0,0,0,9243.709761,0.034296338,52.36688453,0,0,100,152.3668845,0.05,0.05,130.9172113,19.37606297,132.9908216,500.1788043,132.9908216,
105393,33,M,College,Single,$100k to $120k,112500,5/31/2021,13,13900,0.159749486,752,0,0,0,0,0,8922.18159,0.034296338,44.4103571,0,0,0,44.4103571,0.05,0.05,111.0258928,-19.89131857,64.30167567,564.48048,64.30167567,
105393,33,M,College,Single,$100k to $120k,112500,6/30/2021,14,13900,0.170642451,752,0,0,0,0,0,8600.653419,0.034296338,47.43860128,0,0,0,47.43860128,0.05,0.05,118.5965032,7.570610446,39.86799083,604.3484708,39.86799083,
105393,33,M,College,Single,$100k to $120k,112500,7/31/2021,15,13900,0.152036157,752,0,0,0,0,0,8279.125248,0.034296338,42.26605154,0,0,0,42.26605154,0.05,0.05,105.6651288,-12.93137435,55.19742589,659.5458967,55.19742589,
105393,33,M,College,Single,$100k to $120k,112500,8/31/2021,16,13900,0.177045507,751,0,0,0,0,0,7957.597077,0.034296338,49.218651,0,0,0,49.218651,0.05,0.05,123.0466275,17.38149866,31.83715234,691.383049,31.83715234,
105393,33,M,College,Single,$100k to $120k,112500,9/30/2021,17,13900,0.153508141,752,0,0,0,0,0,7636.068905,0.034296338,42.67526323,0,0,0,42.67526323,0.05,0.05,106.6881581,-16.35846942,59.03373266,750.4167817,59.03373266,
105393,33,M,College,Single,$100k to $120k,112500,10/31/2021,18,13900,0.168522674,752,0,0,0,0,0,7314.540734,0.034296338,46.84930333,0,0,0,46.84930333,0.05,0.05,117.1232583,10.43510023,36.4142031,786.8309848,36.4142031,
105393,34,M,College,Single,$100k to $120k,112500,11/30/2021,19,13900,0.14093564,753,0,0,0,0,0,6993.012563,0.034296338,39.18010802,0,0,0,39.18010802,0.05,0.05,97.95027006,-19.17298826,58.35309628,845.1840811,58.35309628,
105393,34,M,College,Single,$100k to $120k,112500,12/31/2021,20,13900,0.134775978,753,0,0,0,0,0,6671.484392,0.034296338,37.46772185,0,0,0,37.46772185,0.05,0.05,93.66930463,-4.280965423,41.74868728,886.9327684,41.74868728,
105393,34,M,College,Single,$100k to $120k,112500,1/31/2022,21,13900,0.155931854,752,0,0,0,0,0,6349.956221,0.034296338,43.34905545,0,0,0,43.34905545,0.05,0.05,108.3726386,14.703334,28.64572145,915.5784898,28.64572145,
105393,34,M,College,Single,$100k to $120k,112500,2/28/2022,22,13900,0.14088757,753,0,0,0,0,0,6028.428049,0.034296338,39.1667444,0,0,0,39.1667444,0.05,0.05,97.91686099,-10.45577764,49.62252204,965.2010119,49.62252204,
105393,34,M,College,Single,$100k to $120k,112500,3/31/2022,23,13900,0.155107556,752,0,0,0,0,0,5706.899878,0.034296338,43.11990064,0,0,0,43.11990064,0.05,0.05,107.7997516,9.882890612,33.23701003,998.4380219,33.23701003,
105393,34,M,College,Single,$100k to $120k,112500,4/30/2022,24,13900,0.196000215,751,0,0,0,0,0,5385.371707,0.034296338,54.48805987,0,0,100,154.4880599,0.05,0.05,136.2201497,28.42039806,126.0676618,1124.505684,126.0676618,
105393,34,M,College,Single,$100k to $120k,112500,5/31/2022,25,13900,0.192701352,751,0,0,0,0,0,5063.843536,0.034296338,53.57097575,0,0,0,53.57097575,0.05,0.05,133.9274394,-2.292710295,55.86368604,1180.36937,55.86368604,
105393,34,M,College,Single,$100k to $120k,112500,6/30/2022,26,13900,0.140387492,753,0,0,0,0,0,4742.315365,0.034296338,39.02772274,0,0,0,39.02772274,0.05,0.05,97.56930684,-36.35813253,75.38585527,1255.755225,75.38585527,
105393,34,M,College,Single,$100k to $120k,112500,7/31/2022,27,13900,0.145982255,753,0,0,0,0,0,4420.787193,0.034296338,40.58306685,0,0,0,40.58306685,0.05,0.05,101.4576671,3.888360299,36.69470656,1292.449932,36.69470656,
105393,34,M,College,Single,$100k to $120k,112500,8/31/2022,28,13900,0.136454541,753,0,0,0,0,0,4099.259022,0.034296338,37.9343624,0,0,0,37.9343624,0.05,0.05,94.83590599,-6.621761143,44.55612354,1337.006055,44.55612354,
105393,34,M,College,Single,$100k to $120k,112500,9/30/2022,29,13900,0.139929393,750,0,0,3,0,0,340640.9803,0.251648016,38.90037123,0,0,0,38.90037123,0.05,0.05,97.25092807,2.415022074,36.48534915,1373.491404,36.48534915,
105393,34,M,College,Single,$100k to $120k,112500,10/31/2022,30,13900,0.139641672,750,0,0,3,0,0,338603.3083,0.251648016,38.82038495,0,0,0,38.82038495,0.05,0.05,97.05096239,-0.199965681,39.02035064,1412.511755,39.02035064,
105393,35,M,College,Single,$100k to $120k,112500,11/30/2022,31,13900,0.190061326,750,0,0,3,0,0,336565.6363,0.251648016,52.83704857,0,0,0,52.83704857,0.05,0.05,132.0926214,35.04165903,17.79538954,1430.307144,17.79538954,
105393,35,M,College,Single,$100k to $120k,112500,12/31/2022,32,13900,0.162031882,750,0,0,3,0,0,334527.9644,0.251648016,45.04486322,0,0,0,45.04486322,0.05,0.05,112.6121581,-19.48046336,64.52532658,1494.832471,64.52532658,
105393,35,M,College,Single,$100k to $120k,112500,1/31/2023,33,13900,0.294132894,750,1,0,3,0,3475.180139,337923.5053,0.325785192,81.76894444,0,71.27015268,0,153.0390971,0.05,0.2,817.6894444,705.0772864,-552.0381893,942.7942817,-552.0381893,
105393,35,M,College,Single,$100k to $120k,112500,2/28/2023,34,13900,0.311596188,745,1,0,3,0,3681.508959,334665.286,0.330186873,86.62374022,0,75.50161291,0,162.1253531,0.05,0.2,866.2374022,48.5479578,113.5773953,1056.371677,113.5773953,
105393,35,M,College,Single,$100k to $120k,112500,3/31/2023,35,13900,0.336397351,745,1,0,3,0,3974.534703,334720.0888,0.336438089,93.5184636,0,81.51108254,0,175.0295461,0.05,0.2,935.184636,68.94723381,106.0823123,1162.453989,106.0823123,
105393,35,M,College,Single,$100k to $120k,112500,4/30/2023,36,13900,0.352913982,745,1,0,3,0,4169.678701,334707.7582,0.340601161,98.11008709,0,85.5131607,100,283.6232478,0.05,0.2,981.1008709,45.91623486,237.7070129,1400.161002,237.7070129,
105393,35,M,College,Single,$100k to $120k,112500,5/31/2023,37,13900,0.373505706,745,1,0,3,0,4412.969922,334762.2894,0.345791374,103.8345864,0,90.50265815,0,194.3372446,0.05,0.2,1038.345864,57.2449931,137.0922515,1537.253254,137.0922515,
105393,35,M,College,Single,$100k to $120k,112500,6/30/2023,38,13900,0.399483672,745,1,0,3,0,4719.899583,334691.8734,0.352339207,111.0564608,0,96.79727395,0,207.8537347,0.05,0.2,1110.564608,72.21874373,135.634991,1672.888245,135.634991,
105393,35,M,College,Single,$100k to $120k,112500,7/31/2023,39,13900,0.415100826,740,1,0,3,0,4904.416263,334704.9985,0.356275563,115.3980297,0,100.5814035,0,215.9794332,0.05,0.2,1153.980297,43.41568934,172.5637439,1845.451989,172.5637439,
105393,35,M,College,Single,$100k to $120k,112500,8/31/2023,40,13900,0.433674482,740,1,0,3,0,5123.864009,334637.5321,0.360957114,120.5615061,0,105.0819111,0,225.6434171,0.05,0.2,1205.615061,51.63476385,174.0086533,2019.460642,174.0086533,
105393,35,M,College,Single,$100k to $120k,112500,9/30/2023,41,13900,0.424619133,740,2,1,4,0,5016.875061,334228.4711,0.358674684,118.0441191,0,102.887746,0,220.9318651,0.05,0.35,2065.772084,860.1570228,-639.2251577,1380.235484,-639.2251577,
105393,35,M,College,Single,$100k to $120k,112500,10/31/2023,42,13900,0.478418816,740,2,1,4,0,5652.518316,335114.1367,0.372235073,133.000431,0,115.9237298,0,248.9241608,0.05,0.35,2327.507542,261.7354582,-12.81129739,1367.424187,-12.81129739,
105393,36,M,College,Single,$100k to $120k,112500,11/30/2023,43,13900,0.522543558,735,2,1,4,0,6173.852136,335010.5634,0.383356861,145.2671091,0,126.6154176,0,271.8825267,0.05,0.35,2542.174409,214.6668672,57.21565945,1424.639846,57.21565945,
105393,36,M,College,Single,$100k to $120k,112500,12/31/2023,44,13900,0.638280334,730,3,2,4,0,7541.282141,335770.8945,0.492969044,177.4419327,0,154.6591279,0,332.1010606,0.05,0.5,4436.048318,1893.873909,-1561.772848,-137.1330022,-1561.772848,
105393,36,M,College,Single,$100k to $120k,112500,1/31/2024,45,13900,0.701061077,725,3,2,4,0,8283.036622,335076.2466,0.516705188,194.8949793,0,169.8712761,0,364.7662554,0.05,0.5,4872.374483,436.3261651,-71.55990975,-208.692912,-71.55990975,
105393,36,M,College,Single,$100k to $120k,112500,2/29/2024,46,13900,0.778586577,725,3,2,4,0,9199.000402,335396.0487,0.546016028,216.4470683,0,188.6561666,0,405.1032349,0.05,0.5,5411.176707,538.8022236,-133.6989887,-342.3919007,-133.6989887,
105393,36,M,College,Single,$100k to $120k,112500,3/31/2024,47,13900,0.845860415,720,3,2,4,0,9993.840803,335231.2974,0.571450921,235.1491954,0,204.9570185,0,440.1062139,0.05,0.5,5878.729884,467.5531774,-27.44696356,-369.8388642,-27.44696356,
105393,36,M,College,Single,$100k to $120k,112500,4/30/2024,48,13900,0.912371862,695,3,2,4,1,10779.67355,335240.7001,0.596597569,253.6393776,30,0,100,383.6393776,0.15,0.6,7609.181327,1730.451443,-1346.812065,-1716.65093,-1346.812065,
105393,36,M,College,Single,$100k to $120k,112500,5/31/2024,49,13900,0.96696729,675,4,4,4,2,13440.84533,337110.115,0.825124083,51.5659049,30,0,0,81.5659049,0.4,0.9,12096.7608,4487.57947,-4406.013565,-6122.664495,-4406.013565,
105393,36,M,College,Single,$100k to $120k,112500,6/30/2024,50,13900,0.973204762,655,4,4,4,3,13527.5462,334553.5366,0.82882332,1.1112279,30,0,0,31.1112279,0.65,0.9,12174.79158,78.03077994,-46.91955204,-6169.584047,-46.91955204,
105393,36,M,College,Single,$100k to $120k,112500,7/31/2024,51,13900,0.979223294,635,4,4,4,4,13527.5462,334352.0038,0.82882332,0,0,0,0,0,0.72,0.9,12250.08341,75.29183596,-75.29183596,-6244.875883,-75.29183596,
105393,36,M,College,Single,$100k to $120k,112500,8/31/2024,52,13900,0.988708748,615,4,4,4,5,13527.5462,334447.4656,0.82882332,0,0,0,0,0,0.8,0.9,12368.74643,118.6630198,-118.6630198,-6363.538903,-118.6630198,
105393,36,M,College,Single,$100k to $120k,112500,9/30/2024,53,13900,0.99,595,4,4,4,6,13527.5462,334455.8718,0.82882332,0,0,0,0,0,0.84,0.9,12384.9,16.15356695,-16.15356695,-6379.692469,-16.15356695,
105393,36,M,College,Single,$100k to $120k,112500,10/31/2024,54,13900,0.99,575,4,4,4,7,13527.5462,334365.1255,0.82882332,0,0,0,0,0,0.86,0.9,12384.9,0,0,-6379.692469,0,
133894,37,F,High School,Married,Less than $40k,32400,8/31/2021,1,8900,0.203959998,740,0,0,1,0,0,0,0,36.30487961,0,0,0,36.30487961,0.05,0.060198,109.2740569,109.2740569,-72.96917733,-72.96917733,-72.96917733,
133894,38,F,High School,Married,Less than $40k,32400,9/30/2021,2,8900,0.192922896,741,0,0,1,0,0,0,0,34.34027543,0,0,0,34.34027543,0.05,0.059646145,102.413252,-6.860804934,41.20108036,-31.76809697,41.20108036,
133894,38,F,High School,Married,Less than $40k,32400,10/31/2021,3,8900,0.237566952,739,0,0,1,0,0,0,0,42.28691752,0,0,0,42.28691752,0.05,0.061878348,130.8322291,28.41897708,13.86794043,-17.90015653,13.86794043,
133894,38,F,High School,Married,Less than $40k,32400,11/30/2021,4,8900,0.230507197,739,0,0,1,0,0,0,0,41.03028098,0,0,0,41.03028098,0.05,0.06152536,126.22014,-4.612089047,45.64237002,27.74221349,45.64237002,
133894,38,F,High School,Married,Less than $40k,32400,12/31/2021,5,8900,0.24887034,739,0,0,1,0,0,0,0,44.29892056,0,0,0,44.29892056,0.05,0.062443517,138.30902,12.08887993,32.21004063,59.95225412,32.21004063,
133894,38,F,High School,Married,Less than $40k,32400,1/31/2022,6,8900,0.190343508,741,0,0,1,0,0,0,0,33.88114448,0,0,0,33.88114448,0.05,0.059517175,100.825501,-37.48351899,71.36466348,131.3169176,71.36466348,
133894,38,F,High School,Married,Less than $40k,32400,2/28/2022,7,8900,0.225688609,739,0,0,1,0,0,0,0,40.17257246,0,0,0,40.17257246,0.05,0.06128443,123.0976612,22.27216021,17.90041225,149.2173298,17.90041225,
133894,38,F,High School,Married,Less than $40k,32400,3/31/2022,8,8900,0.227261488,739,0,0,1,0,0,0,0,40.45254495,0,0,0,40.45254495,0.05,0.061363074,124.1146263,1.016965133,39.43557982,188.6529097,39.43557982,
133894,38,F,High School,Married,Less than $40k,32400,4/30/2022,9,8900,0.23025976,739,0,0,1,0,0,0,0,40.98623733,0,0,0,40.98623733,0.05,0.061512988,126.0592963,1.944669972,39.04156736,227.694477,39.04156736,
133894,38,F,High School,Married,Less than $40k,32400,5/31/2022,10,8900,0.240274644,739,0,0,1,0,0,0,0,42.76888662,0,0,0,42.76888662,0.05,0.062013732,132.6129141,6.553617772,36.21526885,263.9097459,36.21526885,
133894,38,F,High School,Married,Less than $40k,32400,6/30/2022,11,8900,0.187407603,741,0,0,1,0,0,0,0,33.3585533,0,0,0,33.3585533,0.05,0.05937038,99.0254995,-33.58741456,66.94596786,330.8557137,66.94596786,
133894,38,F,High School,Married,Less than $40k,32400,7/31/2022,12,8900,0.209343639,740,0,0,1,0,0,0,0,37.26316779,0,0,100,137.2631678,0.05,0.060467182,112.6599373,13.63443784,123.6287299,454.4844437,123.6287299,
133894,38,F,High School,Married,Less than $40k,32400,8/31/2022,13,8900,0.205722115,740,0,0,0,0,0,0,0,36.61853643,0,0,0,36.61853643,0.05,0.060286106,110.379448,-2.280489378,38.89902581,493.3834695,38.89902581,
133894,39,F,High School,Married,Less than $40k,32400,9/30/2022,14,8900,0.22219482,740,0,0,0,0,0,0,0,39.55067796,0,0,0,39.55067796,0.05,0.061109741,120.8465843,10.46713637,29.08354159,522.4670111,29.08354159,
133894,39,F,High School,Married,Less than $40k,32400,10/31/2022,15,8900,0.234515495,739,0,0,0,0,0,0,0,41.74375817,0,0,0,41.74375817,0.05,0.061725775,128.8332907,7.986706385,33.75705178,556.2240629,33.75705178,
133894,39,F,High School,Married,Less than $40k,32400,11/30/2022,16,8900,0.186102328,741,0,0,0,0,0,0,0,33.1262143,0,0,0,33.1262143,0.05,0.059305116,98.2276997,-30.60559102,63.73180532,619.9558682,63.73180532,
133894,39,F,High School,Married,Less than $40k,32400,12/31/2022,17,8900,0.179694838,741,0,0,0,0,0,0,0,31.98568112,0,0,0,31.98568112,0.05,0.058984742,94.33335726,-3.894342443,35.88002357,655.8358918,35.88002357,
133894,39,F,High School,Married,Less than $40k,32400,1/31/2023,18,8900,0.225933788,739,0,0,0,0,0,0,0,40.21621435,0,0,0,40.21621435,0.05,0.061296689,123.25604,28.92268278,11.29353157,667.1294233,11.29353157,
133894,39,F,High School,Married,Less than $40k,32400,2/28/2023,19,8900,0.218253693,740,0,0,0,0,0,0,0,38.84915742,0,0,0,38.84915742,0.05,0.060912685,118.3203238,-4.935716279,43.78487369,710.914297,43.78487369,
133894,39,F,High School,Married,Less than $40k,32400,3/31/2023,20,8900,0.187749828,741,0,0,0,0,0,0,0,33.41946947,0,0,0,33.41946947,0.05,0.059387491,99.23492282,-19.08540095,52.50487041,763.4191674,52.50487041,
133894,39,F,High School,Married,Less than $40k,32400,4/30/2023,21,8900,0.246610739,739,0,0,0,0,0,0,0,43.89671153,0,0,0,43.89671153,0.05,0.062330537,136.80528,37.57035716,6.326354363,769.7455218,6.326354363,
133894,39,F,High School,Married,Less than $40k,32400,5/31/2023,22,8900,0.202502343,740,0,0,0,0,0,0,0,36.0454171,0,0,0,36.0454171,0.05,0.060125117,108.3617463,-28.44353366,64.48895076,834.2344726,64.48895076,
133894,39,F,High School,Married,Less than $40k,32400,6/30/2023,23,8900,0.233625518,739,0,0,0,0,0,0,0,41.58534213,0,0,0,41.58534213,0.05,0.061681276,128.251848,19.89010169,21.69524044,855.929713,21.69524044,
133894,39,F,High School,Married,Less than $40k,32400,7/31/2023,24,8900,0.185043902,741,0,0,0,0,0,0,0,32.93781459,0,0,100,132.9378146,0.05,0.059252195,97.58189084,-30.66995718,163.6077718,1019.537485,163.6077718,
133894,39,F,High School,Married,Less than $40k,32400,8/31/2023,25,8900,0.197876839,741,0,0,0,0,0,0,0,35.22207732,0,0,0,35.22207732,0.05,0.059893842,105.4792766,7.897385743,27.32469157,1046.862176,27.32469157,
133894,40,F,High School,Married,Less than $40k,32400,9/30/2023,26,8900,0.222627494,740,0,0,0,0,0,0,0,39.62769388,0,0,0,39.62769388,0.05,0.061131375,121.1247701,15.64549354,23.98220034,1070.844377,23.98220034,
133894,40,F,High School,Married,Less than $40k,32400,10/31/2023,27,8900,0.214935732,740,0,0,0,0,0,0,0,38.25856035,0,0,0,38.25856035,0.05,0.060746787,116.2042301,-4.920540035,43.17910038,1114.023477,43.17910038,
133894,40,F,High School,Divorced,Less than $40k,32400,11/30/2023,28,8900,0.136149421,740,0,0,1,0,0,0,0,24.23459688,0,0,0,24.23459688,0.05,0.056807471,68.83530803,-47.36892205,71.60351894,1185.626996,71.60351894,
133894,40,F,High School,Divorced,Less than $40k,32400,12/31/2023,29,8900,0.158817847,740,0,0,1,0,0,0,0,28.26957675,0,0,0,28.26957675,0.05,0.057940892,81.89822515,13.06291712,15.20665962,1200.833656,15.20665962,
133894,40,F,High School,Divorced,Less than $40k,32400,1/31/2024,30,8900,0.183841821,740,0,0,1,0,0,0,0,32.72384412,0,0,0,32.72384412,0.05,0.059192091,96.84963802,14.95141287,17.77243125,1218.606087,17.77243125,
133894,40,F,High School,Divorced,Less than $40k,32400,2/29/2024,31,8900,0.204634611,740,0,0,1,0,0,0,0,36.4249607,0,0,0,36.4249607,0.05,0.060231731,109.6969209,12.84728285,23.57767785,1242.183765,23.57767785,
133894,40,F,High School,Divorced,Less than $40k,32400,3/31/2024,32,8900,0.223149547,740,0,0,1,0,1688.126321,1688.126321,1,39.72061932,0,34.62065731,0,74.34127663,0.05,0.061157477,121.4606438,11.76372294,62.57755369,1304.761318,62.57755369,
133894,40,F,High School,Divorced,Less than $40k,32400,4/30/2024,33,8900,0.574458548,706,0,0,1,1,4345.778912,4345.778912,1,102.2536215,30,0,0,132.2536215,0.15,0.178722927,913.7533281,792.2926843,-660.0390628,644.7222556,-660.0390628,
133894,40,F,High School,Divorced,Less than $40k,32400,5/31/2024,34,8900,0.640326759,688,0,0,1,2,4844.071928,4844.071928,1,9.177642185,30,0,0,39.17764218,0.4,0.432016338,2462.02143,1548.268102,-1509.090459,-864.3682038,-1509.090459,
133894,40,F,High School,Divorced,Less than $40k,32400,6/30/2024,35,8900,0.714971599,670,0,0,1,3,5408.760149,5408.760149,1,10.47886045,30,0,0,40.47886045,0.65,0.68574858,4363.587755,1901.566325,-1861.087465,-2725.455669,-1861.087465,
133894,40,F,High School,Divorced,Less than $40k,32400,7/31/2024,36,8900,0.78094018,660,0,0,1,4,5408.760149,5408.760149,1,0,0,0,100,100,0.72,0.759047009,5275.65574,912.0679854,-812.0679854,-3537.523654,-812.0679854,
133894,40,F,High School,Divorced,Less than $40k,32400,8/31/2024,37,8900,0.849468069,642,0,0,1,5,5408.760149,5408.760149,1,0,0,0,0,0,0.8,0.842473403,6369.322869,1093.667129,-1093.667129,-4631.190783,-1093.667129,
133894,41,F,High School,Divorced,Less than $40k,32400,9/30/2024,38,8900,0.918399955,624,0,0,1,6,5408.760149,5408.760149,1,0,0,0,0,0,0.84,0.885919998,7241.297088,871.9742192,-871.9742192,-5503.165002,-871.9742192,
133894,41,F,High School,Divorced,Less than $40k,32400,10/31/2024,39,8900,0.992447643,614,0,0,1,7,5408.760149,5408.760149,1,0,0,0,0,0,0.86,0.9,7949.505617,708.2085281,-708.2085281,-6211.37353,-708.2085281,
133895,37,F,High School,Married,Less than $40k,32400,8/31/2021,1,9000,0.237998302,739,0,0,1,0,0,0,0,42.8396943,0,0,0,42.8396943,0.05,0.061899915,132.588672,132.588672,-89.74897766,-89.74897766,-89.74897766,
133895,38,F,High School,Married,Less than $40k,32400,9/30/2021,2,9000,0.186402503,741,0,0,1,0,0,0,0,33.55245047,0,0,0,33.55245047,0.05,0.059320125,99.51677801,-33.07189395,66.62434442,-23.12463325,66.62434442,
133895,38,F,High School,Married,Less than $40k,32400,10/31/2021,3,9000,0.246080266,739,0,0,1,0,0,0,0,44.29444789,0,0,0,44.29444789,0.05,0.062304013,137.9860935,38.46931551,5.825132375,-17.29950087,5.825132375,
133895,38,F,High School,Married,Less than $40k,32400,11/30/2021,4,9000,0.172123681,742,0,0,1,0,0,0,0,30.98226266,0,0,0,30.98226266,0.05,0.058606184,90.78760944,-47.19848409,78.18074676,60.88124589,78.18074676,
133895,38,F,High School,Married,Less than $40k,32400,12/31/2021,5,9000,0.188157028,741,0,0,1,0,0,0,0,33.86826506,0,0,0,33.86826506,0.05,0.059407851,100.6020429,9.814433463,24.0538316,84.93507748,24.0538316,
133895,38,F,High School,Married,Less than $40k,32400,1/31/2022,6,9000,0.197037829,741,0,0,1,0,0,0,0,35.46680915,0,0,0,35.46680915,0.05,0.059851891,106.1377805,5.535737635,29.93107152,114.866149,29.93107152,
133895,38,F,High School,Married,Less than $40k,32400,2/28/2022,7,9000,0.229125999,739,0,0,1,0,0,0,0,41.24267984,0,0,0,41.24267984,0.05,0.0614563,126.7311252,20.59334463,20.64933521,135.5154842,20.64933521,
133895,38,F,High School,Married,Less than $40k,32400,3/31/2022,8,9000,0.241799868,739,0,0,1,0,0,0,0,43.5239763,0,0,0,43.5239763,0.05,0.062089993,135.1201701,8.389044918,35.13493138,170.6504156,35.13493138,
133895,38,F,High School,Married,Less than $40k,32400,4/30/2022,9,9000,0.233312398,739,0,0,1,0,0,0,0,41.99623163,0,0,0,41.99623163,0.05,0.06166562,129.4861828,-5.633987244,47.63021887,218.2806345,47.63021887,
133895,38,F,High School,Married,Less than $40k,32400,5/31/2022,10,9000,0.234423416,739,0,0,1,0,0,0,0,42.19621479,0,0,0,42.19621479,0.05,0.061721171,130.219989,0.733806128,41.46240867,259.7430431,41.46240867,
133895,38,F,High School,Married,Less than $40k,32400,6/30/2022,11,9000,0.247806637,739,0,0,1,0,0,0,0,44.60519461,0,0,0,44.60519461,0.05,0.062390332,139.1466447,8.926655685,35.67853892,295.421582,35.67853892,
133895,38,F,High School,Married,Less than $40k,32400,7/31/2022,12,9000,0.190772001,741,0,0,1,0,0,0,0,34.33896019,0,0,100,134.3389602,0.05,0.0595386,102.2246808,-36.92196382,171.260924,466.6825061,171.260924,
133895,38,F,High School,Married,Less than $40k,32400,8/31/2022,13,9000,0.193791651,741,0,0,0,0,0,0,0,34.88249718,0,0,0,34.88249718,0.05,0.059689583,104.1060848,1.881403925,33.00109326,499.6835993,33.00109326,
133895,39,F,High School,Married,Less than $40k,32400,9/30/2022,14,9000,0.236846167,739,0,0,0,0,0,0,0,42.63231014,0,0,0,42.63231014,0.05,0.061842308,131.8240235,27.71793875,14.91437139,514.5979707,14.91437139,
133895,39,F,High School,Married,Less than $40k,32400,10/31/2022,15,9000,0.172228403,742,0,0,0,0,0,0,0,31.00111257,0,0,0,31.00111257,0.05,0.05861142,90.85096171,-40.97306181,71.97417438,586.5721451,71.97417438,
133895,39,F,High School,Married,Less than $40k,32400,11/30/2022,16,9000,0.238657857,739,0,0,0,0,0,0,0,42.95841423,0,0,0,42.95841423,0.05,0.061932893,133.0269432,42.17598153,0.782432693,587.3545778,0.782432693,
133895,39,F,High School,Married,Less than $40k,32400,12/31/2022,17,9000,0.208252393,740,0,0,0,0,0,0,0,37.48543082,0,0,0,37.48543082,0.05,0.06041262,113.2296538,-19.79728948,57.28272029,644.6372981,57.28272029,
133895,39,F,High School,Married,Less than $40k,32400,1/31/2023,18,9000,0.242241595,739,0,0,0,0,0,0,0,43.60348711,0,0,0,43.60348711,0.05,0.06211208,135.4151634,22.18550968,21.41797743,666.0552755,21.41797743,
133895,39,F,High School,Married,Less than $40k,32400,2/28/2023,19,9000,0.22530304,739,0,0,0,0,0,0,0,40.55454714,0,0,0,40.55454714,0.05,0.061265152,124.2290247,-11.18613873,51.74068587,717.7959614,51.74068587,
133895,39,F,High School,Married,Less than $40k,32400,3/31/2023,20,9000,0.248151939,739,0,0,0,0,0,0,0,44.66734899,0,0,0,44.66734899,0.05,0.062407597,139.3790956,15.15007088,29.51727811,747.3132395,29.51727811,
133895,39,F,High School,Married,Less than $40k,32400,4/30/2023,21,9000,0.175118825,741,0,0,0,0,0,0,0,31.52138856,0,0,0,31.52138856,0.05,0.058755941,92.60344276,-46.77565284,78.29704141,825.6102809,78.29704141,
133895,39,F,High School,Married,Less than $40k,32400,5/31/2023,22,9000,0.206237469,740,0,0,0,0,0,0,0,37.1227445,0,0,0,37.1227445,0.05,0.060311873,111.9471135,19.3436707,17.7790738,843.3893547,17.7790738,
133895,39,F,High School,Married,Less than $40k,32400,6/30/2023,23,9000,0.242493785,739,0,0,0,0,0,0,0,43.64888136,0,0,0,43.64888136,0.05,0.062124689,135.5836596,23.6365461,20.01233526,863.4016899,20.01233526,
133895,39,F,High School,Married,Less than $40k,32400,7/31/2023,24,9000,0.208765991,740,0,0,0,0,0,0,0,37.57787844,0,0,100,137.5778784,0.05,0.0604383,113.5571537,-22.02650585,159.6043843,1023.006074,159.6043843,
133895,39,F,High School,Married,Less than $40k,32400,8/31/2023,25,9000,0.218720012,740,0,0,0,0,0,0,0,39.36960222,0,0,0,39.36960222,0.05,0.060936001,119.9513052,6.394151535,32.97545068,1055.981525,32.97545068,
133895,40,F,High School,Married,Less than $40k,32400,9/30/2023,26,9000,0.183410653,741,0,0,0,0,0,0,0,33.01391748,0,0,0,33.01391748,0.05,0.059170533,97.67255408,-22.27875117,55.29266865,1111.274194,55.29266865,
133895,40,F,High School,Married,Less than $40k,32400,10/31/2023,27,9000,0.242193501,739,0,0,0,0,0,0,0,43.59483011,0,0,0,43.59483011,0.05,0.062109675,135.3830366,37.71048249,5.884347623,1117.158541,5.884347623,
133895,40,F,High School,Divorced,Less than $40k,32400,11/30/2023,28,9000,0.137260811,740,0,0,1,0,0,0,0,24.70694589,0,0,0,24.70694589,0.05,0.056863041,70.24560328,-65.13743329,89.84437918,1207.00292,89.84437918,
133895,40,F,High School,Divorced,Less than $40k,32400,12/31/2023,29,9000,0.160321119,740,0,0,1,0,0,0,0,28.85780136,0,0,0,28.85780136,0.05,0.058016056,83.71079088,13.4651876,15.39261375,1222.395534,15.39261375,
133895,40,F,High School,Divorced,Less than $40k,32400,1/31/2024,30,9000,0.183209753,740,0,0,1,0,0,0,0,32.97775556,0,0,0,32.97775556,0.05,0.059160488,97.54900503,13.83821414,19.13954141,1241.535076,19.13954141,
133895,40,F,High School,Divorced,Less than $40k,32400,2/29/2024,31,9000,0.19586795,740,0,0,1,0,0,0,0,35.25623104,0,0,0,35.25623104,0.05,0.059793398,105.4044919,7.855486852,27.40074419,1268.93582,27.40074419,
133895,40,F,High School,Divorced,Less than $40k,32400,3/31/2024,32,9000,0.217076342,740,0,0,1,0,1660.634016,1660.634016,1,39.07374156,0,34.05683595,0,73.13057752,0.05,0.060853817,118.8893161,13.48482425,59.64575327,1328.581573,59.64575327,
133895,40,F,High School,Divorced,Less than $40k,32400,4/30/2024,33,9000,0.574662104,706,0,0,1,1,4396.165096,4396.165096,1,103.4391787,30,0,0,133.4391787,0.15,0.178733105,924.4002807,805.5109646,-672.0717858,656.5097872,-672.0717858,
133895,40,F,High School,Divorced,Less than $40k,32400,5/31/2024,34,9000,0.637623715,688,0,0,1,2,4877.821418,4877.821418,1,8.851594985,30,0,0,38.85159498,0.4,0.431881186,2478.399174,1553.998893,-1515.147298,-858.6375112,-1515.147298,
133895,40,F,High School,Divorced,Less than $40k,32400,6/30/2024,35,9000,0.70564592,670,0,0,1,3,5398.191285,5398.191285,1,9.61030598,30,0,0,39.61030598,0.65,0.685282296,4352.099904,1873.70073,-1834.090424,-2692.727935,-1834.090424,
133895,40,F,High School,Divorced,Less than $40k,32400,7/31/2024,36,9000,0.776928863,660,0,0,1,4,5398.191285,5398.191285,1,0,0,0,100,100,0.72,0.758846443,5306.127335,954.0274319,-854.0274319,-3546.755367,-854.0274319,
133895,40,F,High School,Divorced,Less than $40k,32400,8/31/2024,37,9000,0.847173296,642,0,0,1,5,5398.191285,5398.191285,1,0,0,0,0,0,0.8,0.842358665,6422.613899,1116.486563,-1116.486563,-4663.24193,-1116.486563,
133895,41,F,High School,Divorced,Less than $40k,32400,9/30/2024,38,9000,0.924705822,624,0,0,1,6,5398.191285,5398.191285,1,0,0,0,0,0,0.84,0.886235291,7375.562401,952.9485024,-952.9485024,-5616.190432,-952.9485024,
133895,41,F,High School,Divorced,Less than $40k,32400,10/31/2024,39,9000,0.985573686,614,0,0,1,7,5398.191285,5398.191285,1,0,0,0,0,0,0.86,0.9,7983.146854,607.5844532,-607.5844532,-6223.774886,-607.5844532,
133896,37,F,High School,Married,Less than $40k,32400,8/31/2021,1,8200,0.184764096,741,0,0,1,0,0,0,0,30.30131172,0,0,0,30.30131172,0.05,0.059238205,89.74976547,89.74976547,-59.44845375,-59.44845375,-59.44845375,
133896,38,F,High School,Married,Less than $40k,32400,9/30/2021,2,8200,0.194246357,741,0,0,1,0,0,0,0,31.85640256,0,0,0,31.85640256,0.05,0.059712318,95.11098178,5.361216304,26.49518626,-32.95326749,26.49518626,
133896,38,F,High School,Married,Less than $40k,32400,10/31/2021,3,8200,0.214959624,740,0,0,1,0,0,0,0,35.25337835,0,0,0,35.25337835,0.05,0.060747981,107.0785783,11.96759648,23.28578186,-9.667485626,23.28578186,
133896,38,F,High School,Married,Less than $40k,32400,11/30/2021,4,8200,0.197652407,741,0,0,1,0,0,0,0,32.41499474,0,0,0,32.41499474,0.05,0.05988262,97.0547412,-10.02383706,42.43883181,32.77134618,42.43883181,
133896,38,F,High School,Married,Less than $40k,32400,12/31/2021,5,8200,0.191588843,741,0,0,1,0,0,0,0,31.4205702,0,0,0,31.4205702,0.05,0.059579442,93.60100221,-3.453738982,34.87430919,67.64565537,34.87430919,
133896,38,F,High School,Married,Less than $40k,32400,1/31/2022,6,8200,0.203216824,740,0,0,1,0,0,0,0,33.3275592,0,0,0,33.3275592,0.05,0.060160841,100.2506999,6.64969766,26.67786154,94.32351691,26.67786154,
133896,38,F,High School,Married,Less than $40k,32400,2/28/2022,7,8200,0.217939442,740,0,0,1,0,0,0,0,35.7420685,0,0,0,35.7420685,0.05,0.060896972,108.8291874,8.578487542,27.16358096,121.4870979,27.16358096,
133896,38,F,High School,Married,Less than $40k,32400,3/31/2022,8,8200,0.245535647,739,0,0,1,0,0,0,0,40.26784608,0,0,0,40.26784608,0.05,0.062276782,125.3875943,16.55840687,23.70943921,145.1965371,23.70943921,
133896,38,F,High School,Married,Less than $40k,32400,4/30/2022,9,8200,0.235489121,739,0,0,1,0,0,0,0,38.62021588,0,0,0,38.62021588,0.05,0.061774456,119.2871414,-6.100452847,44.72066872,189.9172058,44.72066872,
133896,38,F,High School,Married,Less than $40k,32400,5/31/2022,10,8200,0.201764579,740,0,0,1,0,0,0,0,33.08939102,0,0,0,33.08939102,0.05,0.060088229,99.4141452,-19.87299623,52.96238725,242.8795931,52.96238725,
133896,38,F,High School,Married,Less than $40k,32400,6/30/2022,11,8200,0.245770437,739,0,0,1,0,0,0,0,40.30635159,0,0,0,40.30635159,0.05,0.062288522,125.5311531,26.11700785,14.18934374,257.0689368,14.18934374,
133896,38,F,High School,Married,Less than $40k,32400,7/31/2022,12,8200,0.205787901,740,0,0,1,0,0,0,0,33.74921571,0,0,100,133.7492157,0.05,0.060289395,101.7359899,-23.79516315,157.5443789,414.6133157,157.5443789,
133896,38,F,High School,Married,Less than $40k,32400,8/31/2022,13,8200,0.192444194,741,0,0,0,0,0,0,0,31.56084782,0,0,0,31.56084782,0.05,0.05962221,94.08637436,-7.649615542,39.21046337,453.823779,39.21046337,
133896,39,F,High School,Married,Less than $40k,32400,9/30/2022,14,8200,0.245417096,739,0,0,0,0,0,0,0,40.24840378,0,0,0,40.24840378,0.05,0.062270855,125.3151254,31.22875103,9.019652748,462.8434318,9.019652748,
133896,39,F,High School,Married,Less than $40k,32400,10/31/2022,15,8200,0.209710269,740,0,0,0,0,0,0,0,34.39248413,0,0,0,34.39248413,0.05,0.060485513,104.0123531,-21.30277231,55.69525644,518.5386882,55.69525644,
133896,39,F,High School,Married,Less than $40k,32400,11/30/2022,16,8200,0.196313691,741,0,0,0,0,0,0,0,32.19544539,0,0,0,32.19544539,0.05,0.059815685,96.2896303,-7.722722788,39.91816818,558.4568564,39.91816818,
133896,39,F,High School,Married,Less than $40k,32400,12/31/2022,17,8200,0.211298643,740,0,0,0,0,0,0,0,34.65297744,0,0,0,34.65297744,0.05,0.060564932,104.9377614,8.648131064,26.00484637,584.4617028,26.00484637,
133896,39,F,High School,Married,Less than $40k,32400,1/31/2023,18,8200,0.239814185,739,0,0,0,0,0,0,0,39.32952638,0,0,0,39.32952638,0.05,0.061990709,121.9032618,16.96550039,22.36402598,606.8257287,22.36402598,
133896,39,F,High School,Married,Less than $40k,32400,2/28/2023,19,8200,0.232888781,739,0,0,0,0,0,0,0,38.19376015,0,0,0,38.19376015,0.05,0.061644439,117.721646,-4.181615749,42.3753759,649.2011046,42.3753759,
133896,39,F,High School,Married,Less than $40k,32400,3/31/2023,20,8200,0.244943088,739,0,0,0,0,0,0,0,40.17066649,0,0,0,40.17066649,0.05,0.062247154,125.025484,7.303837997,32.86682849,682.0679331,32.86682849,
133896,39,F,High School,Married,Less than $40k,32400,4/30/2023,21,8200,0.236095578,739,0,0,0,0,0,0,0,38.71967479,0,0,0,38.71967479,0.05,0.061804779,119.653047,-5.372437017,44.09211181,726.1600449,44.09211181,
133896,39,F,High School,Married,Less than $40k,32400,5/31/2023,22,8200,0.241785699,739,0,0,0,0,0,0,0,39.65285459,0,0,0,39.65285459,0.05,0.062089285,123.1008693,3.447822358,36.20503223,762.3650772,36.20503223,
133896,39,F,High School,Married,Less than $40k,32400,6/30/2023,23,8200,0.193483211,741,0,0,0,0,0,0,0,31.73124652,0,0,0,31.73124652,0.05,0.059674161,94.67677494,-28.4240944,60.15534093,822.5204181,60.15534093,
133896,39,F,High School,Married,Less than $40k,32400,7/31/2023,24,8200,0.176185219,741,0,0,0,0,0,0,0,28.89437584,0,0,100,128.8943758,0.05,0.058809261,84.96284442,-9.713930524,138.6083064,961.1287245,138.6083064,
133896,39,F,High School,Married,Less than $40k,32400,8/31/2023,25,8200,0.182255878,741,0,0,0,0,0,0,0,29.88996394,0,0,0,29.88996394,0.05,0.059112794,88.34396388,3.381119458,26.50884448,987.637569,26.50884448,
133896,40,F,High School,Married,Less than $40k,32400,9/30/2023,26,8200,0.224449703,740,0,0,0,0,0,0,0,36.80975132,0,0,0,36.80975132,0.05,0.061222485,112.6792227,24.33525883,12.4744925,1000.112061,12.4744925,
133896,40,F,High School,Married,Less than $40k,32400,10/31/2023,27,8200,0.181231941,741,0,0,0,0,0,0,0,29.72203834,0,0,0,29.72203834,0.05,0.059061597,87.77155262,-24.90767008,54.62970843,1054.74177,54.62970843,
133896,40,F,High School,Divorced,Less than $40k,32400,11/30/2023,28,8200,0.13745289,740,0,0,1,0,0,0,0,22.54227399,0,0,0,22.54227399,0.05,0.056872645,64.10193676,-23.66961585,46.21188985,1100.95366,46.21188985,
133896,40,F,High School,Divorced,Less than $40k,32400,12/31/2023,29,8200,0.159943297,740,0,0,1,0,0,0,0,26.23070065,0,0,0,26.23070065,0.05,0.057997165,76.06531345,11.96337669,14.26732396,1115.220984,14.26732396,
133896,40,F,High School,Divorced,Less than $40k,32400,1/31/2024,30,8200,0.182563375,740,0,0,1,0,0,0,0,29.94039345,0,0,0,29.94039345,0.05,0.059128169,88.51603181,12.45071835,17.4896751,1132.710659,17.4896751,
133896,40,F,High School,Divorced,Less than $40k,32400,2/29/2024,31,8200,0.195992963,740,0,0,1,0,0,0,0,32.142846,0,0,0,32.142846,0.05,0.059799648,96.10654409,7.590512286,24.55233371,1157.262992,24.55233371,
133896,40,F,High School,Divorced,Less than $40k,32400,3/31/2024,32,8200,0.218102843,740,0,0,1,0,1520.176819,1520.176819,1,35.76886633,0,31.17629293,0,66.94515925,0.05,0.060905142,108.9253944,12.81885035,54.1263089,1211.389301,54.1263089,
133896,40,F,High School,Divorced,Less than $40k,32400,4/30/2024,33,8200,0.565818738,706,0,0,1,1,3943.756603,3943.756603,1,92.794273,30,0,0,122.794273,0.15,0.178290937,827.2188936,718.2934991,-595.4992261,615.8900752,-595.4992261,
133896,40,F,High School,Divorced,Less than $40k,32400,5/31/2024,34,8200,0.640750401,688,0,0,1,2,4466.030297,4466.030297,1,9.647617328,30,0,0,39.64761733,0.4,0.43203752,2269.991357,1442.772464,-1403.124847,-787.2347713,-1403.124847,
133896,40,F,High School,Divorced,Less than $40k,32400,6/30/2024,35,8200,0.71495443,670,0,0,1,3,4983.232376,4983.232376,1,9.548223435,30,0,0,39.54822344,0.65,0.685747721,4020.282644,1750.291286,-1710.743063,-2497.977834,-1710.743063,
133896,40,F,High School,Divorced,Less than $40k,32400,7/31/2024,36,8200,0.779475682,660,0,0,1,4,4983.232376,4983.232376,1,0,0,0,100,100,0.72,0.758973784,4851.133189,830.8505447,-730.8505447,-3228.828379,-730.8505447,
133896,40,F,High School,Divorced,Less than $40k,32400,8/31/2024,37,8200,0.853917884,642,0,0,1,5,4983.232376,4983.232376,1,0,0,0,0,0,0.8,0.842695894,5900.663376,1049.530188,-1049.530188,-4278.358567,-1049.530188,
133896,41,F,High School,Divorced,Less than $40k,32400,9/30/2024,38,8200,0.917782574,624,0,0,1,6,4983.232376,4983.232376,1,0,0,0,0,0,0.84,0.885889129,6667.039559,766.376182,-766.376182,-5044.734749,-766.376182,
133896,41,F,High School,Divorced,Less than $40k,32400,10/31/2024,39,8200,0.986894868,614,0,0,1,7,4983.232376,4983.232376,1,0,0,0,0,0,0.86,0.9,7283.284125,616.2445664,-616.2445664,-5660.979315,-616.2445664,
133897,37,F,High School,Married,Less than $40k,32400,8/31/2021,1,8700,0.216555804,740,0,0,1,0,0,0,0,37.68070996,0,0,0,37.68070996,0.05,0.06082779,114.601716,114.601716,-76.92100606,-76.92100606,-76.92100606,
133897,38,F,High School,Married,Less than $40k,32400,9/30/2021,2,8700,0.236025466,739,0,0,1,0,0,0,0,41.06843101,0,0,0,41.06843101,0.05,0.061801273,126.9040664,12.30235039,28.76608062,-48.15492544,28.76608062,
133897,38,F,High School,Married,Less than $40k,32400,10/31/2021,3,8700,0.239082004,739,0,0,1,0,0,0,0,41.60026872,0,0,0,41.60026872,0.05,0.0619541,128.8653609,1.961294448,39.63897428,-8.515951167,39.63897428,
133897,38,F,High School,Married,Less than $40k,32400,11/30/2021,4,8700,0.237803203,739,0,0,1,0,0,0,0,41.37775733,0,0,0,41.37775733,0.05,0.06189016,128.0438014,-0.821559455,42.19931679,33.68336562,42.19931679,
133897,38,F,High School,Married,Less than $40k,32400,12/31/2021,5,8700,0.230456302,739,0,0,1,0,0,0,0,40.0993965,0,0,0,40.0993965,0.05,0.061522815,123.3513878,-4.692413606,44.79181011,78.47517573,44.79181011,
133897,38,F,High School,Married,Less than $40k,32400,1/31/2022,6,8700,0.24635761,739,0,0,1,0,0,0,0,42.86622406,0,0,0,42.86622406,0.05,0.06231788,133.5666114,10.21522359,32.65100047,111.1261762,32.65100047,
133897,38,F,High School,Married,Less than $40k,32400,2/28/2022,7,8700,0.170723885,742,0,0,1,0,0,0,0,29.70595592,0,0,0,29.70595592,0.05,0.058536194,86.94368026,-46.62293113,76.32888704,187.4550632,76.32888704,
133897,38,F,High School,Married,Less than $40k,32400,3/31/2022,8,8700,0.182240937,741,0,0,1,0,0,0,0,31.70992303,0,0,0,31.70992303,0.05,0.059112047,93.72192277,6.778242509,24.93168052,212.3867438,24.93168052,
133897,38,F,High School,Married,Less than $40k,32400,4/30/2022,9,8700,0.227724703,739,0,0,1,0,0,0,0,39.62409839,0,0,0,39.62409839,0.05,0.061386235,121.6187111,27.89678835,11.72731005,224.1140538,11.72731005,
133897,38,F,High School,Married,Less than $40k,32400,5/31/2022,10,8700,0.181759492,741,0,0,1,0,0,0,0,31.62615165,0,0,0,31.62615165,0.05,0.059087975,93.4362623,-28.18244882,59.80860047,283.9226543,59.80860047,
133897,38,F,High School,Married,Less than $40k,32400,6/30/2022,11,8700,0.206549835,740,0,0,1,0,0,0,0,35.93967121,0,0,0,35.93967121,0.05,0.060327492,108.4075109,14.97124857,20.96842264,304.8910769,20.96842264,
133897,38,F,High School,Married,Less than $40k,32400,7/31/2022,12,8700,0.211044935,740,0,0,1,0,0,0,0,36.72181861,0,0,100,136.7218186,0.05,0.060552247,111.179431,2.771920164,133.9498984,438.8409754,133.9498984,
133897,38,F,High School,Married,Less than $40k,32400,8/31/2022,13,8700,0.209402398,740,0,0,0,0,0,0,0,36.43601718,0,0,0,36.43601718,0.05,0.06047012,110.1645164,-1.014914679,37.45093186,476.2919072,37.45093186,
133897,39,F,High School,Married,Less than $40k,32400,9/30/2022,14,8700,0.204482423,740,0,0,0,0,0,0,0,35.57994161,0,0,0,35.57994161,0.05,0.060224121,107.1385357,-3.025980645,38.60592226,514.8978295,38.60592226,
133897,39,F,High School,Married,Less than $40k,32400,10/31/2022,15,8700,0.177432168,741,0,0,0,0,0,0,0,30.87319729,0,0,0,30.87319729,0.05,0.058871608,90.87773907,-16.26079664,47.13399393,562.0318234,47.13399393,
133897,39,F,High School,Married,Less than $40k,32400,11/30/2022,16,8700,0.199654326,741,0,0,0,0,0,0,0,34.73985274,0,0,0,34.73985274,0.05,0.059982716,104.1895366,13.31179748,21.42805525,583.4598787,21.42805525,
133897,39,F,High School,Married,Less than $40k,32400,12/31/2022,17,8700,0.188320278,741,0,0,0,0,0,0,0,32.76772829,0,0,0,32.76772829,0.05,0.059416014,97.34638993,-6.84314662,39.61087491,623.0707536,39.61087491,
133897,39,F,High School,Married,Less than $40k,32400,1/31/2023,18,8700,0.175027896,741,0,0,0,0,0,0,0,30.45485386,0,0,0,30.45485386,0.05,0.058751395,89.46325713,-7.883132799,38.33798666,661.4087402,38.33798666,
133897,39,F,High School,Married,Less than $40k,32400,2/28/2023,19,8700,0.242706498,739,0,0,0,0,0,0,0,42.23093073,0,0,0,42.23093073,0.05,0.062135325,131.2016301,41.73837298,0.492557741,661.901298,0.492557741,
133897,39,F,High School,Married,Less than $40k,32400,3/31/2023,20,8700,0.186732517,741,0,0,0,0,0,0,0,32.49145791,0,0,0,32.49145791,0.05,0.059336626,96.39667403,-34.80495609,67.29641399,729.197712,67.29641399,
133897,39,F,High School,Married,Less than $40k,32400,4/30/2023,21,8700,0.228877482,739,0,0,0,0,0,0,0,39.82468185,0,0,0,39.82468185,0.05,0.061443874,122.3491369,25.95246284,13.87221901,743.069931,13.87221901,
133897,39,F,High School,Married,Less than $40k,32400,5/31/2023,22,8700,0.175707508,741,0,0,0,0,0,0,0,30.57310643,0,0,0,30.57310643,0.05,0.058785375,89.86257694,-32.48655993,63.05966636,806.1295973,63.05966636,
133897,39,F,High School,Married,Less than $40k,32400,6/30/2023,23,8700,0.234306245,739,0,0,0,0,0,0,0,40.76928657,0,0,0,40.76928657,0.05,0.061715312,125.8044625,35.94188559,4.827400989,810.9569983,4.827400989,
133897,39,F,High School,Married,Less than $40k,32400,7/31/2023,24,8700,0.227946796,739,0,0,0,0,0,0,0,39.66274247,0,0,100,139.6627425,0.05,0.06139734,121.7593438,-4.045118713,143.7078612,954.6648595,143.7078612,
133897,39,F,High School,Married,Less than $40k,32400,8/31/2023,25,8700,0.248712947,739,0,0,0,0,0,0,0,43.27605282,0,0,0,43.27605282,0.05,0.062435647,135.0984186,13.33907482,29.93697799,984.6018375,29.93697799,
133897,40,F,High School,Married,Less than $40k,32400,9/30/2023,26,8700,0.233879382,739,0,0,0,0,0,0,0,40.69501248,0,0,0,40.69501248,0.05,0.061693969,125.5318421,-9.566576509,50.26158899,1034.863426,50.26158899,
133897,40,F,High School,Married,Less than $40k,32400,10/31/2023,27,8700,0.2015397,740,0,0,0,0,0,0,0,35.06790773,0,0,0,35.06790773,0.05,0.060076985,105.3387083,-20.19313384,55.26104157,1090.124468,55.26104157,
133897,40,F,High School,Divorced,Less than $40k,32400,11/30/2023,28,8700,0.13641393,740,0,0,1,0,0,0,0,23.73602388,0,0,0,23.73602388,0.05,0.056820697,67.43487046,-37.90383782,61.6398617,1151.76433,61.6398617,
133897,40,F,High School,Divorced,Less than $40k,32400,12/31/2023,29,8700,0.160771,740,0,0,1,0,0,0,0,27.97415396,0,0,0,27.97415396,0.05,0.05803855,81.17896665,13.74409618,14.23005778,1165.994388,14.23005778,
133897,40,F,High School,Divorced,Less than $40k,32400,1/31/2024,30,8700,0.17889449,740,0,0,1,0,0,0,0,31.12764124,0,0,0,31.12764124,0.05,0.058944724,91.74051186,10.56154521,20.56609603,1186.560484,20.56609603,
133897,40,F,High School,Divorced,Less than $40k,32400,2/29/2024,31,8700,0.196643458,740,0,0,1,0,0,0,0,34.21596175,0,0,0,34.21596175,0.05,0.059832173,102.360767,10.62025514,23.59570661,1210.15619,23.59570661,
133897,40,F,High School,Divorced,Less than $40k,32400,3/31/2024,32,8700,0.224468122,740,0,0,1,0,1659.94176,1659.94176,1,39.05745318,0,34.04263893,0,73.10009211,0.05,0.061223406,119.5615158,17.20074883,55.89934328,1266.055533,55.89934328,
133897,40,F,High School,Divorced,Less than $40k,32400,4/30/2024,33,8700,0.572286901,706,0,0,1,1,4232.061635,4232.061635,1,99.57792083,30,0,0,129.5779208,0.15,0.178614345,889.3022556,769.7407398,-640.162819,625.8927145,-640.162819,
133897,40,F,High School,Divorced,Less than $40k,32400,5/31/2024,34,8700,0.636687667,688,0,0,1,2,4708.305298,4708.305298,1,8.745517271,30,0,0,38.74551727,0.4,0.431834383,2392.009547,1502.707291,-1463.961774,-838.0690597,-1463.961774,
133897,40,F,High School,Divorced,Less than $40k,32400,6/30/2024,35,8700,0.709608171,670,0,0,1,3,5247.552425,5247.552425,1,9.980263957,30,0,0,39.98026396,0.65,0.685480409,4231.875741,1839.866194,-1799.88593,-2637.95499,-1799.88593,
133897,40,F,High School,Divorced,Less than $40k,32400,7/31/2024,36,8700,0.775598069,660,0,0,1,4,5247.552425,5247.552425,1,0,0,0,100,100,0.72,0.758779903,5120.021586,888.1458441,-788.1458441,-3426.100834,-788.1458441,
133897,40,F,High School,Divorced,Less than $40k,32400,8/31/2024,37,8700,0.853149627,642,0,0,1,5,5247.552425,5247.552425,1,0,0,0,0,0,0.8,0.842657481,6254.542371,1134.520786,-1134.520786,-4560.62162,-1134.520786,
133897,41,F,High School,Divorced,Less than $40k,32400,9/30/2024,38,8700,0.918434388,624,0,0,1,6,5247.552425,5247.552425,1,0,0,0,0,0,0.84,0.885921719,7078.850454,824.3080824,-824.3080824,-5384.929703,-824.3080824,
133897,41,F,High School,Divorced,Less than $40k,32400,10/31/2024,39,8700,0.98670408,614,0,0,1,7,5247.552425,5247.552425,1,0,0,0,0,0,0.86,0.9,7725.892949,647.0424951,-647.0424951,-6031.972198,-647.0424951,
133898,37,F,High School,Married,Less than $40k,32400,8/31/2021,1,8400,0.209815289,740,0,0,1,0,0,0,0,35.24896856,0,0,0,35.24896856,0.05,0.060490764,106.6118527,106.6118527,-71.36288416,-71.36288416,-71.36288416,
133898,38,F,High School,Married,Less than $40k,32400,9/30/2021,2,8400,0.206138053,740,0,0,1,0,0,0,0,34.63119282,0,0,0,34.63119282,0.05,0.060306903,104.4249987,-2.186854046,36.81804687,-34.54483729,36.81804687,
133898,38,F,High School,Married,Less than $40k,32400,10/31/2021,3,8400,0.229839744,739,0,0,1,0,0,0,0,38.61307704,0,0,0,38.61307704,0.05,0.061491987,118.719742,14.29474329,24.31833374,-10.22650355,24.31833374,
133898,38,F,High School,Married,Less than $40k,32400,11/30/2021,4,8400,0.178668207,741,0,0,1,0,0,0,0,30.01625878,0,0,0,30.01625878,0.05,0.05893341,88.44802479,-30.27171718,60.28797596,50.06147241,60.28797596,
133898,38,F,High School,Married,Less than $40k,32400,12/31/2021,5,8400,0.222193029,740,0,0,1,0,0,0,0,37.32842881,0,0,0,37.32842881,0.05,0.061109651,114.0563637,25.60833888,11.72008993,61.78156235,11.72008993,
133898,38,F,High School,Married,Less than $40k,32400,1/31/2022,6,8400,0.224861668,740,0,0,1,0,0,0,0,37.77676028,0,0,0,37.77676028,0.05,0.061243083,115.678264,1.621900367,36.15485991,97.93642225,36.15485991,
133898,38,F,High School,Married,Less than $40k,32400,2/28/2022,7,8400,0.22513475,739,0,0,1,0,0,0,0,37.82263806,0,0,0,37.82263806,0.05,0.061256738,115.8445706,0.166306568,37.6563315,135.5927537,37.6563315,
133898,38,F,High School,Married,Less than $40k,32400,3/31/2022,8,8400,0.198316607,741,0,0,1,0,0,0,0,33.31718996,0,0,0,33.31718996,0.05,0.05991583,99.81135507,-16.03321553,49.3504055,184.9431592,49.3504055,
133898,38,F,High School,Married,Less than $40k,32400,4/30/2022,9,8400,0.192337756,741,0,0,1,0,0,0,0,32.31274307,0,0,0,32.31274307,0.05,0.059616888,96.31925892,-3.49209615,35.80483922,220.7479985,35.80483922,
133898,38,F,High School,Married,Less than $40k,32400,5/31/2022,10,8400,0.23188451,739,0,0,1,0,0,0,0,38.95659774,0,0,0,38.95659774,0.05,0.061594226,119.9750733,23.6558144,15.30078334,236.0487818,15.30078334,
133898,38,F,High School,Married,Less than $40k,32400,6/30/2022,11,8400,0.200953004,740,0,0,1,0,0,0,0,33.76010461,0,0,0,33.76010461,0.05,0.06004765,101.3607476,-18.61432574,52.37443035,288.4232121,52.37443035,
133898,38,F,High School,Married,Less than $40k,32400,7/31/2022,12,8400,0.231890557,739,0,0,1,0,0,0,0,38.95761364,0,0,100,138.9576136,0.05,0.061594528,119.978791,18.61804338,120.3395703,408.7627824,120.3395703,
133898,38,F,High School,Married,Less than $40k,32400,8/31/2022,13,8400,0.220100221,740,0,0,0,0,0,0,0,36.97683705,0,0,0,36.97683705,0.05,0.061005011,112.7886176,-7.190173351,44.1670104,452.9297928,44.1670104,
133898,39,F,High School,Married,Less than $40k,32400,9/30/2022,14,8400,0.236673891,739,0,0,0,0,0,0,0,39.76121369,0,0,0,39.76121369,0.05,0.061833695,122.9291371,10.14051948,29.6206942,482.550487,29.6206942,
133898,39,F,High School,Married,Less than $40k,32400,10/31/2022,15,8400,0.208716131,740,0,0,0,0,0,0,0,35.06431006,0,0,0,35.06431006,0.05,0.060435807,105.956993,-16.97214409,52.03645415,534.5869412,52.03645415,
133898,39,F,High School,Married,Less than $40k,32400,11/30/2022,16,8400,0.178998176,741,0,0,0,0,0,0,0,30.07169357,0,0,0,30.07169357,0.05,0.058949909,88.63617965,-17.32081335,47.39250691,581.9794481,47.39250691,
133898,39,F,High School,Married,Less than $40k,32400,12/31/2022,17,8400,0.244513126,739,0,0,0,0,0,0,0,41.07820519,0,0,0,41.07820519,0.05,0.062225656,127.8059139,39.16973424,1.908470947,583.887919,1.908470947,
133898,39,F,High School,Married,Less than $40k,32400,1/31/2023,18,8400,0.172471336,742,0,0,0,0,0,0,0,28.97518452,0,0,0,28.97518452,0.05,0.058623567,84.93143328,-42.87448062,71.84966514,655.7375842,71.84966514,
133898,39,F,High School,Married,Less than $40k,32400,2/28/2023,19,8400,0.243025205,739,0,0,0,0,0,0,0,40.8282345,0,0,0,40.8282345,0.05,0.06215126,126.8763114,41.94487814,-1.116643644,654.6209405,-1.116643644,
133898,39,F,High School,Married,Less than $40k,32400,3/31/2023,20,8400,0.205150089,740,0,0,0,0,0,0,0,34.46521492,0,0,0,34.46521492,0.05,0.060257504,103.8393921,-23.03691935,57.50213427,712.1230748,57.50213427,
133898,39,F,High School,Married,Less than $40k,32400,4/30/2023,21,8400,0.216688786,740,0,0,0,0,0,0,0,36.40371606,0,0,0,36.40371606,0.05,0.060834439,110.7299828,6.890590696,29.51312537,741.6362002,29.51312537,
133898,39,F,High School,Married,Less than $40k,32400,5/31/2023,22,8400,0.19298277,741,0,0,0,0,0,0,0,32.42110528,0,0,0,32.42110528,0.05,0.059649138,96.69454993,-14.03543283,46.45653812,788.0927383,46.45653812,
133898,39,F,High School,Married,Less than $40k,32400,6/30/2023,23,8400,0.208223164,740,0,0,0,0,0,0,0,34.98149156,0,0,0,34.98149156,0.05,0.060411158,105.6636211,8.969071119,26.01242044,814.1051587,26.01242044,
133898,39,F,High School,Married,Less than $40k,32400,7/31/2023,24,8400,0.237724726,739,0,0,0,0,0,0,0,39.93775396,0,0,100,139.937754,0.05,0.061886236,123.5798639,17.91624289,122.0215111,936.1266698,122.0215111,
133898,39,F,High School,Married,Less than $40k,32400,8/31/2023,25,8400,0.199456117,741,0,0,0,0,0,0,0,33.50862761,0,0,0,33.50862761,0.05,0.059972806,100.4803209,-23.09954309,56.60817069,992.7348405,56.60817069,
133898,40,F,High School,Married,Less than $40k,32400,9/30/2023,26,8400,0.187052675,741,0,0,0,0,0,0,0,31.4248494,0,0,0,31.4248494,0.05,0.059352634,93.25737884,-7.222942024,38.64779142,1031.382632,38.64779142,
133898,40,F,High School,Married,Less than $40k,32400,10/31/2023,27,8400,0.202123326,740,0,0,0,0,0,0,0,33.95671877,0,0,0,33.95671877,0.05,0.060106166,102.0504093,8.793030416,25.16368835,1056.54632,25.16368835,
133898,40,F,High School,Divorced,Less than $40k,32400,11/30/2023,28,8400,0.138546781,740,0,0,1,0,0,0,0,23.27585918,0,0,0,23.27585918,0.05,0.056927339,66.25163635,-35.7987729,59.07463208,1115.620952,59.07463208,
133898,40,F,High School,Divorced,Less than $40k,32400,12/31/2023,29,8400,0.162137915,740,0,0,1,0,0,0,0,27.23916967,0,0,0,27.23916967,0.05,0.058106896,79.1391796,12.88754325,14.35162642,1129.972579,14.35162642,
133898,40,F,High School,Divorced,Less than $40k,32400,1/31/2024,30,8400,0.178643622,740,0,0,1,0,0,0,0,30.01212856,0,0,0,30.01212856,0.05,0.058932181,88.43400981,9.294830208,20.71729835,1150.689877,20.71729835,
133898,40,F,High School,Divorced,Less than $40k,32400,2/29/2024,31,8400,0.201246264,740,0,0,1,0,0,0,0,33.80937228,0,0,0,33.80937228,0.05,0.060062313,101.5334553,13.0994455,20.70992678,1171.399804,20.70992678,
133898,40,F,High School,Divorced,Less than $40k,32400,3/31/2024,32,8400,0.216977079,740,0,0,1,0,1549.216341,1549.216341,1,36.45214921,0,31.77184514,0,68.22399434,0.05,0.060848854,110.9035751,9.370119824,58.85387452,1230.253678,58.85387452,
133898,40,F,High School,Divorced,Less than $40k,32400,4/30/2024,33,8400,0.570111589,706,0,0,1,1,4070.596747,4070.596747,1,95.77874699,30,0,0,125.778747,0.15,0.178505579,854.8520366,743.9484614,-618.1697144,612.083964,-618.1697144,
133898,40,F,High School,Divorced,Less than $40k,32400,5/31/2024,34,8400,0.64045885,688,0,0,1,2,4572.876188,4572.876188,1,9.255768437,30,0,0,39.25576844,0.4,0.432022942,2324.220502,1469.368465,-1430.112697,-818.0287328,-1430.112697,
133898,40,F,High School,Divorced,Less than $40k,32400,6/30/2024,35,8400,0.70753156,670,0,0,1,3,5051.77534,5051.77534,1,8.797559754,30,0,0,38.79755975,0.65,0.685376578,4073.374701,1749.154199,-1710.356639,-2528.385372,-1710.356639,
133898,40,F,High School,Divorced,Less than $40k,32400,7/31/2024,36,8400,0.781700806,660,0,0,1,4,5051.77534,5051.77534,1,0,0,0,100,100,0.72,0.75908504,4984.37006,910.9953595,-810.9953595,-3339.380731,-810.9953595,
133898,40,F,High School,Divorced,Less than $40k,32400,8/31/2024,37,8400,0.850463478,642,0,0,1,5,5051.77534,5051.77534,1,0,0,0,0,0,0.8,0.842523174,6018.895586,1034.525526,-1034.525526,-4373.906257,-1034.525526,
133898,41,F,High School,Divorced,Less than $40k,32400,9/30/2024,38,8400,0.915513255,624,0,0,1,6,5051.77534,5051.77534,1,0,0,0,0,0,0.84,0.885775663,6811.890626,792.99504,-792.99504,-5166.901297,-792.99504,
133898,41,F,High School,Divorced,Less than $40k,32400,10/31/2024,39,8400,0.992620338,614,0,0,1,7,5051.77534,5051.77534,1,0,0,0,0,0,0.86,0.9,7504.209753,692.3191268,-692.3191268,-5859.220424,-692.3191268,
133899,37,F,High School,Married,Less than $40k,32400,8/31/2021,1,8900,0.249102701,739,0,0,1,0,0,0,0,44.34028081,0,0,0,44.34028081,0.05,0.062455135,138.4639113,138.4639113,-94.12363052,-94.12363052,-94.12363052,
133899,38,F,High School,Married,Less than $40k,32400,9/30/2021,2,8900,0.181943135,741,0,0,1,0,0,0,0,32.38587802,0,0,0,32.38587802,0.05,0.059097157,95.69566549,-42.76824584,75.15412386,-18.96950666,75.15412386,
133899,38,F,High School,Married,Less than $40k,32400,10/31/2021,3,8900,0.227408143,739,0,0,1,0,0,0,0,40.47864946,0,0,0,40.47864946,0.05,0.061370407,124.2095599,28.51389441,11.96475504,-7.004751615,11.96475504,
133899,38,F,High School,Married,Less than $40k,32400,11/30/2021,4,8900,0.205702082,740,0,0,1,0,0,0,0,36.61497057,0,0,0,36.61497057,0.05,0.060285104,110.3668656,-13.84269429,50.45766486,43.45291325,50.45766486,
133899,38,F,High School,Married,Less than $40k,32400,12/31/2021,5,8900,0.218542743,740,0,0,1,0,0,0,0,38.90060828,0,0,0,38.90060828,0.05,0.060927137,118.5051348,8.138269176,30.7623391,74.21525235,30.7623391,
133899,38,F,High School,Married,Less than $40k,32400,1/31/2022,6,8900,0.240367819,739,0,0,1,0,0,0,0,42.78547183,0,0,0,42.78547183,0.05,0.062018391,132.674306,14.16917118,28.61630065,102.831553,28.61630065,
133899,38,F,High School,Married,Less than $40k,32400,2/28/2022,7,8900,0.231315243,739,0,0,1,0,0,0,0,41.17411328,0,0,0,41.17411328,0.05,0.061565762,126.7457833,-5.928522706,47.10263599,149.934189,47.10263599,
133899,38,F,High School,Married,Less than $40k,32400,3/31/2022,8,8900,0.230758263,739,0,0,1,0,0,0,0,41.07497089,0,0,0,41.07497089,0.05,0.061537913,126.3833996,-0.362383675,41.43735456,191.3715435,41.43735456,
133899,38,F,High School,Married,Less than $40k,32400,4/30/2022,9,8900,0.214481865,740,0,0,1,0,0,0,0,38.17777195,0,0,0,38.17777195,0.05,0.060724093,115.9155292,-10.46787042,48.64564236,240.0171859,48.64564236,
133899,38,F,High School,Married,Less than $40k,32400,5/31/2022,10,8900,0.229419024,739,0,0,1,0,0,0,0,40.83658625,0,0,0,40.83658625,0.05,0.061470951,125.51319,9.597660836,31.23892541,271.2561113,31.23892541,
133899,38,F,High School,Married,Less than $40k,32400,6/30/2022,11,8900,0.199950398,741,0,0,1,0,0,0,0,35.59117088,0,0,0,35.59117088,0.05,0.05999752,106.7690992,-18.74409084,54.33526172,325.591373,54.33526172,
133899,38,F,High School,Married,Less than $40k,32400,7/31/2022,12,8900,0.224623321,740,0,0,1,0,0,0,0,39.98295119,0,0,100,139.9829512,0.05,0.061231166,122.4101362,15.64103704,124.3419142,449.9332872,124.3419142,
133899,38,F,High School,Married,Less than $40k,32400,8/31/2022,13,8900,0.22154757,740,0,0,0,0,0,0,0,39.43546752,0,0,0,39.43546752,0.05,0.061077379,120.4307488,-1.979387368,41.41485489,491.3481421,41.41485489,
133899,39,F,High School,Married,Less than $40k,32400,9/30/2022,14,8900,0.24727167,739,0,0,0,0,0,0,0,44.01435719,0,0,0,44.01435719,0.05,0.062363583,137.2446519,16.81390309,27.2004541,518.5485962,27.2004541,
133899,39,F,High School,Married,Less than $40k,32400,10/31/2022,15,8900,0.234721113,739,0,0,0,0,0,0,0,41.78035816,0,0,0,41.78035816,0.05,0.061736056,128.9677259,-8.276926078,50.05728424,568.6058804,50.05728424,
133899,39,F,High School,Married,Less than $40k,32400,11/30/2022,16,8900,0.249904669,739,0,0,0,0,0,0,0,44.4830311,0,0,0,44.4830311,0.05,0.062495233,138.9988707,10.03114482,34.45188628,603.0577667,34.45188628,
133899,39,F,High School,Married,Less than $40k,32400,12/31/2022,17,8900,0.17808322,741,0,0,0,0,0,0,0,31.69881308,0,0,0,31.69881308,0.05,0.058904161,93.35959943,-45.63927124,77.33808432,680.395851,77.33808432,
133899,39,F,High School,Married,Less than $40k,32400,1/31/2023,18,8900,0.178393593,741,0,0,0,0,0,0,0,31.75405959,0,0,0,31.75405959,0.05,0.05891968,93.54695096,0.187351534,31.56670806,711.9625591,31.56670806,
133899,39,F,High School,Married,Less than $40k,32400,2/28/2023,19,8900,0.245679641,739,0,0,0,0,0,0,0,43.73097602,0,0,0,43.73097602,0.05,0.062283982,136.1869662,42.64001528,1.090960742,713.0535198,1.090960742,
133899,39,F,High School,Married,Less than $40k,32400,3/31/2023,20,8900,0.214624508,740,0,0,0,0,0,0,0,38.20316245,0,0,0,38.20316245,0.05,0.060731225,116.0062435,-20.18072275,58.3838852,771.437405,58.3838852,
133899,39,F,High School,Married,Less than $40k,32400,4/30/2023,21,8900,0.239622825,739,0,0,0,0,0,0,0,42.65286289,0,0,0,42.65286289,0.05,0.061981141,132.183656,16.17741253,26.47545037,797.9128554,26.47545037,
133899,39,F,High School,Married,Less than $40k,32400,5/31/2023,22,8900,0.180583038,741,0,0,0,0,0,0,0,32.14378073,0,0,0,32.14378073,0.05,0.059029152,94.87100575,-37.31265027,69.456431,867.3692864,69.456431,
133899,39,F,High School,Married,Less than $40k,32400,6/30/2023,23,8900,0.220096984,740,0,0,0,0,0,0,0,39.1772632,0,0,0,39.1772632,0.05,0.061004849,119.5001517,24.62914596,14.54811724,881.9174036,14.54811724,
133899,39,F,High School,Married,Less than $40k,32400,7/31/2023,24,8900,0.215759965,740,0,0,0,0,0,0,0,38.40527379,0,0,100,138.4052738,0.05,0.060787998,116.7289858,-2.771165919,141.1764397,1023.093843,141.1764397,
133899,39,F,High School,Married,Less than $40k,32400,8/31/2023,25,8900,0.242334772,739,0,0,0,0,0,0,0,43.13558939,0,0,0,43.13558939,0.05,0.062116739,133.9721065,17.24312073,25.89246867,1048.986312,25.89246867,
133899,40,F,High School,Married,Less than $40k,32400,9/30/2023,26,8900,0.21623972,740,0,0,0,0,0,0,0,38.4906702,0,0,0,38.4906702,0.05,0.060811986,117.0347049,-16.93740165,55.42807184,1104.414384,55.42807184,
133899,40,F,High School,Married,Less than $40k,32400,10/31/2023,27,8900,0.197617197,741,0,0,0,0,0,0,0,35.17586114,0,0,0,35.17586114,0.05,0.05988086,105.3180406,-11.7166643,46.89252544,1151.306909,46.89252544,
133899,40,F,High School,Divorced,Less than $40k,32400,11/30/2023,28,8900,0.141374778,740,0,0,1,0,0,0,0,25.16471041,0,0,0,25.16471041,0.05,0.057068739,71.80591435,-33.51212622,58.67683663,1209.983746,58.67683663,
133899,40,F,High School,Divorced,Less than $40k,32400,12/31/2023,29,8900,0.164255849,740,0,0,1,0,0,0,0,29.23754113,0,0,0,29.23754113,0.05,0.058212792,85.09994569,13.29403133,15.9435098,1225.927256,15.9435098,
133899,40,F,High School,Divorced,Less than $40k,32400,1/31/2024,30,8900,0.183465031,740,0,0,1,0,0,0,0,32.6567755,0,0,0,32.6567755,0.05,0.059173252,96.62037957,11.52043389,21.13634162,1247.063597,21.13634162,
133899,40,F,High School,Divorced,Less than $40k,32400,2/29/2024,31,8900,0.20272123,740,0,0,1,0,0,0,0,36.08437901,0,0,0,36.08437901,0.05,0.060136062,108.4986218,11.87824223,24.20613678,1271.269734,24.20613678,
133899,40,F,High School,Divorced,Less than $40k,32400,3/31/2024,32,8900,0.216845742,740,0,0,1,0,1640.438038,1640.438038,1,38.59854208,0,33.64265011,0,72.24119219,0.05,0.060842287,117.421179,8.922557156,63.31863503,1334.588369,63.31863503,
133899,40,F,High School,Divorced,Less than $40k,32400,4/30/2024,33,8900,0.566755211,706,0,0,1,1,4287.503168,4287.503168,1,100.8824275,30,0,0,130.8824275,0.15,0.178337761,899.5573096,782.1361307,-651.2537032,683.334666,-651.2537032,
133899,40,F,High School,Divorced,Less than $40k,32400,5/31/2024,34,8900,0.639709536,688,0,0,1,2,4839.40264,4839.40264,1,10.22822559,30,0,0,40.22822559,0.4,0.431985477,2459.472537,1559.915228,-1519.687002,-836.3523363,-1519.687002,
133899,40,F,High School,Divorced,Less than $40k,32400,6/30/2024,35,8900,0.711171059,670,0,0,1,3,5380.00906,5380.00906,1,10.00690349,30,0,0,40.00690349,0.65,0.685558553,4339.189678,1879.71714,-1839.710237,-2676.062573,-1839.710237,
133899,40,F,High School,Divorced,Less than $40k,32400,7/31/2024,36,8900,0.784341309,660,0,0,1,4,5380.00906,5380.00906,1,0,0,0,100,100,0.72,0.759217065,5299.819231,960.6295529,-860.6295529,-3536.692126,-860.6295529,
133899,40,F,High School,Divorced,Less than $40k,32400,8/31/2024,37,8900,0.853898942,642,0,0,1,5,5380.00906,5380.00906,1,0,0,0,0,0,0.8,0.842694947,6404.229279,1104.410048,-1104.410048,-4641.102174,-1104.410048,
133899,41,F,High School,Divorced,Less than $40k,32400,9/30/2024,38,8900,0.922173662,624,0,0,1,6,5380.00906,5380.00906,1,0,0,0,0,0,0.84,0.886108683,7272.600193,868.3709142,-868.3709142,-5509.473088,-868.3709142,
133899,41,F,High School,Divorced,Less than $40k,32400,10/31/2024,39,8900,0.985870517,614,0,0,1,7,5380.00906,5380.00906,1,0,0,0,0,0,0.86,0.9,7896.822841,624.2226483,-624.2226483,-6133.695737,-624.2226483,
133900,37,F,High School,Married,Less than $40k,32400,8/31/2021,1,7200,0.201079203,740,0,0,1,0,0,0,0,28.95540516,0,0,0,28.95540516,0.05,0.06005396,86.94433736,86.94433736,-57.98893219,-57.98893219,-57.98893219,
133900,38,F,High School,Married,Less than $40k,32400,9/30/2021,2,7200,0.172841486,742,0,0,1,0,0,0,0,24.889174,0,0,0,24.889174,0.05,0.058642074,72.97763955,-13.96669781,38.85587181,-19.13306039,38.85587181,
133900,38,F,High School,Married,Less than $40k,32400,10/31/2021,3,7200,0.245392022,739,0,0,1,0,0,0,0,35.33645121,0,0,0,35.33645121,0.05,0.062269601,110.0193361,37.04169652,-1.705245315,-20.8383057,-1.705245315,
133900,38,F,High School,Married,Less than $40k,32400,11/30/2021,4,7200,0.206264526,740,0,0,1,0,0,0,0,29.70209173,0,0,0,29.70209173,0.05,0.060313226,89.57144901,-20.44788706,50.1499788,29.31167309,50.1499788,
133900,38,F,High School,Married,Less than $40k,32400,12/31/2021,5,7200,0.189770229,741,0,0,1,0,0,0,0,27.32691296,0,0,0,27.32691296,0.05,0.059488511,81.2818687,-8.28958031,35.61649327,64.92816636,35.61649327,
133900,38,F,High School,Married,Less than $40k,32400,1/31/2022,6,7200,0.234170309,739,0,0,1,0,0,0,0,33.72052454,0,0,0,33.72052454,0.05,0.061708515,104.0421755,22.7603068,10.96021774,75.8883841,10.96021774,
133900,38,F,High School,Married,Less than $40k,32400,2/28/2022,7,7200,0.183606247,741,0,0,1,0,0,0,0,26.43929957,0,0,0,26.43929957,0.05,0.059180312,78.23430033,-25.80787517,52.24717474,128.1355588,52.24717474,
133900,38,F,High School,Married,Less than $40k,32400,3/31/2022,8,7200,0.234635566,739,0,0,1,0,0,0,0,33.78752156,0,0,0,33.78752156,0.05,0.061731778,104.2881895,26.0538892,7.733632353,135.8691912,7.733632353,
133900,38,F,High School,Married,Less than $40k,32400,4/30/2022,9,7200,0.194479111,741,0,0,1,0,0,0,0,28.00499204,0,0,0,28.00499204,0.05,0.059723956,83.62844502,-20.65974451,48.66473655,184.5339277,48.66473655,
133900,38,F,High School,Married,Less than $40k,32400,5/31/2022,10,7200,0.2121567,740,0,0,1,0,0,0,0,30.5505648,0,0,0,30.5505648,0.05,0.060607835,92.58017952,8.951734499,21.5988303,206.132758,21.5988303,
133900,38,F,High School,Married,Less than $40k,32400,6/30/2022,11,7200,0.191125847,741,0,0,1,0,0,0,0,27.52212198,0,0,0,27.52212198,0.05,0.059556292,81.95577714,-10.62440238,38.14652436,244.2792824,38.14652436,
133900,38,F,High School,Married,Less than $40k,32400,7/31/2022,12,7200,0.19354136,741,0,0,1,0,0,0,0,27.86995586,0,0,100,127.8699559,0.05,0.059677068,83.15986257,1.204085435,126.6658704,370.9451528,126.6658704,
133900,38,F,High School,Married,Less than $40k,32400,8/31/2022,13,7200,0.218481133,740,0,0,0,0,0,0,0,31.4612832,0,0,0,31.4612832,0.05,0.060924057,95.83745003,12.67758746,18.78369575,389.7288486,18.78369575,
133900,39,F,High School,Married,Less than $40k,32400,9/30/2022,14,7200,0.213469184,740,0,0,0,0,0,0,0,30.73956253,0,0,0,30.73956253,0.05,0.060673459,93.25377968,-2.583670351,33.32323288,423.0520815,33.32323288,
133900,39,F,High School,Married,Less than $40k,32400,10/31/2022,15,7200,0.186608908,741,0,0,0,0,0,0,0,26.87168276,0,0,0,26.87168276,0.05,0.059330445,79.71544534,-13.53833434,40.41001709,463.4620985,40.41001709,
133900,39,F,High School,Married,Less than $40k,32400,11/30/2022,16,7200,0.226123423,739,0,0,0,0,0,0,0,32.56177291,0,0,0,32.56177291,0.05,0.061306171,99.81188116,20.09643581,12.4653371,475.9274356,12.4653371,
133900,39,F,High School,Married,Less than $40k,32400,12/31/2022,17,7200,0.237761969,739,0,0,0,0,0,0,0,34.2377235,0,0,0,34.2377235,0.05,0.061888098,105.9453801,6.13349896,28.10422454,504.0316602,28.10422454,
133900,39,F,High School,Married,Less than $40k,32400,1/31/2023,18,7200,0.235650853,739,0,0,0,0,0,0,0,33.9337228,0,0,0,33.9337228,0.05,0.061782543,104.8255838,-1.119796311,35.05351912,539.0851793,35.05351912,
133900,39,F,High School,Married,Less than $40k,32400,2/28/2023,19,7200,0.219478597,740,0,0,0,0,0,0,0,31.60491803,0,0,0,31.60491803,0.05,0.06097393,96.35380277,-8.471781035,40.07669906,579.1618784,40.07669906,
133900,39,F,High School,Married,Less than $40k,32400,3/31/2023,20,7200,0.188439389,741,0,0,0,0,0,0,0,27.13527206,0,0,0,27.13527206,0.05,0.059421969,80.62156537,-15.7322374,42.86750945,622.0293878,42.86750945,
133900,39,F,High School,Married,Less than $40k,32400,4/30/2023,21,7200,0.195229568,741,0,0,0,0,0,0,0,28.1130578,0,0,0,28.1130578,0.05,0.059761478,84.00389482,3.38232945,24.73072835,646.7601162,24.73072835,
133900,39,F,High School,Married,Less than $40k,32400,5/31/2023,22,7200,0.17393176,742,0,0,0,0,0,0,0,25.04617341,0,0,0,25.04617341,0.05,0.058696588,73.50624608,-10.49764875,35.54382216,682.3039383,35.54382216,
133900,39,F,High School,Married,Less than $40k,32400,6/30/2023,23,7200,0.18284744,741,0,0,0,0,0,0,0,26.33003132,0,0,0,26.33003132,0.05,0.059142372,77.86102534,4.354779265,21.97525206,704.2791904,21.97525206,
133900,39,F,High School,Married,Less than $40k,32400,7/31/2023,24,7200,0.170371297,742,0,0,0,0,0,0,0,24.53346682,0,0,100,124.5334668,0.05,0.058518565,71.78316347,-6.077861876,130.6113287,834.8905191,130.6113287,
133900,39,F,High School,Married,Less than $40k,32400,8/31/2023,25,7200,0.240704528,739,0,0,0,0,0,0,0,34.66145208,0,0,0,34.66145208,0.05,0.062035226,107.5115514,35.72838793,-1.066935845,833.8235832,-1.066935845,
133900,40,F,High School,Married,Less than $40k,32400,9/30/2023,26,7200,0.240111407,739,0,0,0,0,0,0,0,34.57604267,0,0,0,34.57604267,0.05,0.06200557,107.1953624,-0.316189033,34.89223171,868.7158149,34.89223171,
133900,40,F,High School,Married,Less than $40k,32400,10/31/2023,27,7200,0.190777512,741,0,0,0,0,0,0,0,27.47196177,0,0,0,27.47196177,0.05,0.059538876,81.78248574,-25.41287662,52.88483839,921.6006533,52.88483839,
133900,40,F,High School,Divorced,Less than $40k,32400,11/30/2023,28,7200,0.137041883,740,0,0,1,0,0,0,0,19.73403113,0,0,0,19.73403113,0.05,0.056852094,56.09604979,-25.68643595,45.42046708,967.0211204,45.42046708,
133900,40,F,High School,Divorced,Less than $40k,32400,12/31/2023,29,7200,0.160913601,740,0,0,1,0,0,0,0,23.17155853,0,0,0,23.17155853,0.05,0.05804568,67.25044362,11.15439383,12.01716469,979.0382851,12.01716469,
133900,40,F,High School,Divorced,Less than $40k,32400,1/31/2024,30,7200,0.176588972,740,0,0,1,0,0,0,0,25.42881195,0,0,0,25.42881195,0.05,0.058829449,74.79814928,7.547705664,17.88110629,996.9193914,17.88110629,
133900,40,F,High School,Divorced,Less than $40k,32400,2/29/2024,31,7200,0.201140125,740,0,0,1,0,0,0,0,28.964178,0,0,0,28.964178,0.05,0.060057006,86.97509097,12.17694169,16.78723631,1013.706628,16.78723631,
133900,40,F,High School,Divorced,Less than $40k,32400,3/31/2024,32,7200,0.222125173,740,0,0,1,0,1359.40606,1359.40606,1,31.98602494,0,27.87915261,0,59.86517756,0.05,0.061106259,97.72731568,10.75222471,49.11295285,1062.819581,49.11295285,
133900,40,F,High School,Divorced,Less than $40k,32400,4/30/2024,33,7200,0.574183644,706,0,0,1,1,3514.003903,3514.003903,1,82.68244477,30,0,0,112.6824448,0.15,0.178709182,738.8056044,641.0782888,-528.395844,534.4237366,-528.395844,
133900,40,F,High School,Divorced,Less than $40k,32400,5/31/2024,34,7200,0.638617699,688,0,0,1,2,3908.340318,3908.340318,1,7.140292794,30,0,0,37.14029279,0.4,0.431930885,1986.038697,1247.233092,-1210.092799,-675.6690628,-1210.092799,
133900,40,F,High School,Divorced,Less than $40k,32400,6/30/2024,35,7200,0.709748178,670,0,0,1,3,4343.658852,4343.658852,1,7.943463485,30,0,0,37.94346348,0.65,0.685487409,3502.968767,1516.93007,-1478.986606,-2154.655669,-1478.986606,
133900,40,F,High School,Divorced,Less than $40k,32400,7/31/2024,36,7200,0.778479942,660,0,0,1,4,4343.658852,4343.658852,1,0,0,0,100,100,0.72,0.758923997,4253.811185,750.8424187,-650.8424187,-2805.498088,-650.8424187,
133900,40,F,High School,Divorced,Less than $40k,32400,8/31/2024,37,7200,0.854331431,642,0,0,1,5,4343.658852,4343.658852,1,0,0,0,0,0,0.8,0.842716572,5183.706629,929.8954442,-929.8954442,-3735.393532,-929.8954442,
133900,41,F,High School,Divorced,Less than $40k,32400,9/30/2024,38,7200,0.916376614,624,0,0,1,6,4343.658852,4343.658852,1,0,0,0,0,0,0.84,0.885818831,5844.554356,660.8477266,-660.8477266,-4396.241259,-660.8477266,
133900,41,F,High School,Divorced,Less than $40k,32400,10/31/2024,39,7200,0.994198662,614,0,0,1,7,4343.658852,4343.658852,1,0,0,0,0,0,0.86,0.9,6442.407328,597.8529722,-597.8529722,-4994.094231,-597.8529722,
133901,37,F,High School,Married,Less than $40k,32400,8/31/2021,1,8200,0.246923094,739,0,0,1,0,0,0,0,40.49538738,0,0,0,40.49538738,0.05,0.062346155,126.2365843,126.2365843,-85.74119691,-85.74119691,-85.74119691,
133901,38,F,High School,Married,Less than $40k,32400,9/30/2021,2,8200,0.206331974,740,0,0,1,0,0,0,0,33.8384437,0,0,0,33.8384437,0.05,0.060316599,102.0509914,-24.18559284,58.02403654,-27.71716037,58.02403654,
133901,38,F,High School,Married,Less than $40k,32400,10/31/2021,3,8200,0.186996169,741,0,0,1,0,0,0,0,30.66737165,0,0,0,30.66737165,0.05,0.059349808,91.00513162,-11.04585982,41.71323147,13.99607111,41.71323147,
133901,38,F,High School,Married,Less than $40k,32400,11/30/2021,4,8200,0.17969696,741,0,0,1,0,0,0,0,29.47030145,0,0,0,29.47030145,0.05,0.058984848,86.91506257,-4.090069049,33.5603705,47.5564416,33.5603705,
133901,38,F,High School,Married,Less than $40k,32400,12/31/2021,5,8200,0.188929044,741,0,0,1,0,0,0,0,30.98436318,0,0,0,30.98436318,0.05,0.059446452,92.09552321,5.18046064,25.80390254,73.36034414,25.80390254,
133901,38,F,High School,Married,Less than $40k,32400,1/31/2022,6,8200,0.185492983,741,0,0,1,0,0,0,0,30.42084922,0,0,0,30.42084922,0.05,0.059274649,90.15925821,-1.936265001,32.35711422,105.7174584,32.35711422,
133901,38,F,High School,Married,Less than $40k,32400,2/28/2022,7,8200,0.220185896,740,0,0,1,0,0,0,0,36.11048697,0,0,0,36.11048697,0.05,0.061009295,110.1537673,19.99450906,16.11597791,121.8334363,16.11597791,
133901,38,F,High School,Married,Less than $40k,32400,3/31/2022,8,8200,0.185998012,741,0,0,1,0,0,0,0,30.50367399,0,0,0,30.50367399,0.05,0.059299901,90.44324177,-19.71052551,50.21419949,172.0476358,50.21419949,
133901,38,F,High School,Married,Less than $40k,32400,4/30/2022,9,8200,0.185747669,741,0,0,1,0,0,0,0,30.46261769,0,0,0,30.46261769,0.05,0.059287383,90.30244477,-0.140797003,30.60341469,202.6510505,30.60341469,
133901,38,F,High School,Married,Less than $40k,32400,5/31/2022,10,8200,0.238371871,739,0,0,1,0,0,0,0,39.0929869,0,0,0,39.0929869,0.05,0.061918594,121.0291383,30.72669357,8.366293321,211.0173438,8.366293321,
133901,38,F,High School,Married,Less than $40k,32400,6/30/2022,11,8200,0.233391935,739,0,0,1,0,0,0,0,38.2762773,0,0,0,38.2762773,0.05,0.061669597,118.0241293,-3.005009075,41.28128637,252.2986301,41.28128637,
133901,38,F,High School,Married,Less than $40k,32400,7/31/2022,12,8200,0.201764931,740,0,0,1,0,0,0,0,33.08944868,0,0,100,133.0894487,0.05,0.060088247,99.41434752,-18.60978175,151.6992304,403.9978606,151.6992304,
133901,38,F,High School,Married,Less than $40k,32400,8/31/2022,13,8200,0.224769578,740,0,0,0,0,0,0,0,36.86221082,0,0,0,36.86221082,0.05,0.061238479,112.869286,13.45493847,23.40727235,427.4051329,23.40727235,
133901,39,F,High School,Married,Less than $40k,32400,9/30/2022,14,8200,0.223006857,740,0,0,0,0,0,0,0,36.57312458,0,0,0,36.57312458,0.05,0.061150343,111.8229554,-1.046330604,37.61945519,465.0245881,37.61945519,
133901,39,F,High School,Married,Less than $40k,32400,10/31/2022,15,8200,0.173187132,742,0,0,0,0,0,0,0,28.40268968,0,0,0,28.40268968,0.05,0.058659357,83.30417514,-28.51878026,56.92146994,521.946058,56.92146994,
133901,39,F,High School,Married,Less than $40k,32400,11/30/2022,16,8200,0.210504888,740,0,0,0,0,0,0,0,34.52280164,0,0,0,34.52280164,0.05,0.060525244,104.4750503,21.17087521,13.35192644,535.2979845,13.35192644,
133901,39,F,High School,Married,Less than $40k,32400,12/31/2022,17,8200,0.233064073,739,0,0,0,0,0,0,0,38.22250792,0,0,0,38.22250792,0.05,0.061653204,117.8270032,13.35195287,24.87055505,560.1685395,24.87055505,
133901,39,F,High School,Married,Less than $40k,32400,1/31/2023,18,8200,0.233287057,739,0,0,0,0,0,0,0,38.25907733,0,0,0,38.25907733,0.05,0.061664353,117.9610622,0.134058968,38.12501836,598.2935579,38.12501836,
133901,39,F,High School,Married,Less than $40k,32400,2/28/2023,19,8200,0.182997148,741,0,0,0,0,0,0,0,30.01153223,0,0,0,30.01153223,0.05,0.059149857,88.75889257,-29.20216962,59.21370185,657.5072597,59.21370185,
133901,39,F,High School,Married,Less than $40k,32400,3/31/2023,20,8200,0.223645585,740,0,0,0,0,0,0,0,36.67787597,0,0,0,36.67787597,0.05,0.061182279,112.2018025,23.44290993,13.23496604,670.7422258,13.23496604,
133901,39,F,High School,Married,Less than $40k,32400,4/30/2023,21,8200,0.181508441,741,0,0,0,0,0,0,0,29.76738431,0,0,0,29.76738431,0.05,0.059075422,87.92603957,-24.27576293,54.04314724,724.785373,54.04314724,
133901,39,F,High School,Married,Less than $40k,32400,5/31/2023,22,8200,0.207054859,740,0,0,0,0,0,0,0,33.95699696,0,0,0,33.95699696,0.05,0.060352743,102.4698955,14.54385591,19.41314105,744.1985141,19.41314105,
133901,39,F,High School,Married,Less than $40k,32400,6/30/2023,23,8200,0.219444767,740,0,0,0,0,0,0,0,35.9889418,0,0,0,35.9889418,0.05,0.060972238,109.7163169,7.246421417,28.74252039,772.9410344,28.74252039,
133901,39,F,High School,Married,Less than $40k,32400,7/31/2023,24,8200,0.245329396,739,0,0,0,0,0,0,0,40.23402098,0,0,100,140.234021,0.05,0.06226647,125.2615226,15.54520575,124.6888152,897.6298497,124.6888152,
133901,39,F,High School,Married,Less than $40k,32400,8/31/2023,25,8200,0.200106039,740,0,0,0,0,0,0,0,32.81739041,0,0,0,32.81739041,0.05,0.060005302,98.46087105,-26.8006516,59.61804201,957.2478917,59.61804201,
133901,40,F,High School,Married,Less than $40k,32400,9/30/2023,26,8200,0.225206336,739,0,0,0,0,0,0,0,36.93383903,0,0,0,36.93383903,0.05,0.061260317,113.1289339,14.66806288,22.26577614,979.5136678,22.26577614,
133901,40,F,High School,Married,Less than $40k,32400,10/31/2023,27,8200,0.206358981,740,0,0,0,0,0,0,0,33.84287295,0,0,0,33.84287295,0.05,0.060317949,102.0666344,-11.06229957,44.90517253,1024.41884,44.90517253,
133901,40,F,High School,Divorced,Less than $40k,32400,11/30/2023,28,8200,0.138803978,740,0,0,1,0,0,0,0,22.76385243,0,0,0,22.76385243,0.05,0.056940199,64.80891428,-37.25772008,60.02157251,1084.440413,60.02157251,
133901,40,F,High School,Divorced,Less than $40k,32400,12/31/2023,29,8200,0.163141855,740,0,0,1,0,0,0,0,26.75526425,0,0,0,26.75526425,0.05,0.058157093,77.80041925,12.99150497,13.76375928,1098.204172,13.76375928,
133901,40,F,High School,Divorced,Less than $40k,32400,1/31/2024,30,8200,0.175335875,740,0,0,1,0,0,0,0,28.75508355,0,0,0,28.75508355,0.05,0.058766794,84.49220324,6.691783984,22.06329957,1120.267472,22.06329957,
133901,40,F,High School,Divorced,Less than $40k,32400,2/29/2024,31,8200,0.199756319,740,0,0,1,0,0,0,0,32.76003626,0,0,0,32.76003626,0.05,0.059987816,98.26015127,13.76794803,18.99208823,1139.25956,18.99208823,
133901,40,F,High School,Divorced,Less than $40k,32400,3/31/2024,32,8200,0.224517471,740,0,0,1,0,1564.88677,1564.88677,1,36.82086516,0,32.0932195,0,68.91408466,0.05,0.061225874,112.7194817,14.45933042,54.45475425,1193.714314,54.45475425,
133901,40,F,High School,Divorced,Less than $40k,32400,4/30/2024,33,8200,0.574479327,706,0,0,1,1,4004.120907,4004.120907,1,94.21460958,30,0,0,124.2146096,0.15,0.178723966,841.9204355,729.2009538,-604.9863442,588.7279699,-604.9863442,
133901,40,F,High School,Divorced,Less than $40k,32400,5/31/2024,34,8200,0.640846256,688,0,0,1,2,4466.698405,4466.698405,1,8.477686738,30,0,0,38.47768674,0.4,0.432042313,2270.356129,1428.435693,-1389.958007,-801.2300367,-1389.958007,
133901,40,F,High School,Divorced,Less than $40k,32400,6/30/2024,35,8200,0.707296872,670,0,0,1,3,4929.859197,4929.859197,1,8.48911817,30,0,0,38.48911817,0.65,0.685364844,3975.002562,1704.646433,-1666.157315,-2467.387351,-1666.157315,
133901,40,F,High School,Divorced,Less than $40k,32400,7/31/2024,36,8200,0.777760326,660,0,0,1,4,4929.859197,4929.859197,1,0,0,0,100,100,0.72,0.758888016,4839.910527,864.9079649,-764.9079649,-3232.295316,-764.9079649,
133901,40,F,High School,Divorced,Less than $40k,32400,8/31/2024,37,8200,0.8546383,642,0,0,1,5,4929.859197,4929.859197,1,0,0,0,0,0,0.8,0.842731915,5905.893967,1065.98344,-1065.98344,-4298.278757,-1065.98344,
133901,41,F,High School,Divorced,Less than $40k,32400,9/30/2024,38,8200,0.918215072,624,0,0,1,6,4929.859197,4929.859197,1,0,0,0,0,0,0.84,0.885910754,6670.344175,764.4502081,-764.4502081,-5062.728965,-764.4502081,
133901,41,F,High School,Divorced,Less than $40k,32400,10/31/2024,39,8200,0.991589998,614,0,0,1,7,4929.859197,4929.859197,1,0,0,0,0,0,0.86,0.9,7317.934187,647.5900124,-647.5900124,-5710.318977,-647.5900124,
133902,37,F,High School,Married,Less than $40k,32400,8/31/2021,1,8900,0.197694643,741,0,0,1,0,0,0,0,35.1896464,0,0,0,35.1896464,0.05,0.059884732,105.3661274,105.3661274,-70.17648102,-70.17648102,-70.17648102,
133902,38,F,High School,Married,Less than $40k,32400,9/30/2021,2,8900,0.198218276,741,0,0,1,0,0,0,0,35.28285313,0,0,0,35.28285313,0.05,0.059910914,105.6913986,0.325271194,34.95758193,-35.21889909,34.95758193,
133902,38,F,High School,Married,Less than $40k,32400,10/31/2021,3,8900,0.182734276,741,0,0,1,0,0,0,0,32.52670106,0,0,0,32.52670106,0.05,0.059136714,96.17611054,-9.515288073,42.04198913,6.823090043,42.04198913,
133902,38,F,High School,Married,Less than $40k,32400,11/30/2021,4,8900,0.199090797,741,0,0,1,0,0,0,0,35.43816194,0,0,0,35.43816194,0.05,0.05995454,106.2339346,10.0578241,25.38033784,32.20342788,25.38033784,
133902,38,F,High School,Married,Less than $40k,32400,12/31/2021,5,8900,0.186506189,741,0,0,1,0,0,0,0,33.19810156,0,0,0,33.19810156,0.05,0.059325309,98.47438237,-7.759552263,40.95765382,73.1610817,40.95765382,
133902,38,F,High School,Married,Less than $40k,32400,1/31/2022,6,8900,0.202617956,740,0,0,1,0,0,0,0,36.06599621,0,0,0,36.06599621,0.05,0.060130898,108.4340366,9.95965425,26.10634196,99.26742366,26.10634196,
133902,38,F,High School,Married,Less than $40k,32400,2/28/2022,7,8900,0.194324161,741,0,0,1,0,0,0,0,34.58970059,0,0,0,34.58970059,0.05,0.059716208,103.2782878,-5.155748831,39.74544942,139.0128731,39.74544942,
133902,38,F,High School,Married,Less than $40k,32400,3/31/2022,8,8900,0.182936053,741,0,0,1,0,0,0,0,32.56261747,0,0,0,32.56261747,0.05,0.059146803,96.29873549,-6.979552304,39.54216978,178.5550429,39.54216978,
133902,38,F,High School,Married,Less than $40k,32400,4/30/2022,9,8900,0.243863948,739,0,0,1,0,0,0,0,43.40778278,0,0,0,43.40778278,0.05,0.062193197,134.9834402,38.6847047,4.723078086,183.2781209,4.723078086,
133902,38,F,High School,Married,Less than $40k,32400,5/31/2022,10,8900,0.238070371,739,0,0,1,0,0,0,0,42.37652611,0,0,0,42.37652611,0.05,0.061903519,131.1628036,-3.820636628,46.19716274,229.4752837,46.19716274,
133902,38,F,High School,Married,Less than $40k,32400,6/30/2022,11,8900,0.188514455,741,0,0,1,0,0,0,0,33.5555729,0,0,0,33.5555729,0.05,0.059425723,99.70320856,-31.45959499,65.0151679,294.4904516,65.0151679,
133902,38,F,High School,Married,Less than $40k,32400,7/31/2022,12,8900,0.222340854,740,0,0,1,0,0,0,0,39.57667195,0,0,100,139.576672,0.05,0.061117043,120.9404575,21.2372489,118.3394231,412.8298746,118.3394231,
133902,38,F,High School,Married,Less than $40k,32400,8/31/2022,13,8900,0.248872901,739,0,0,0,0,0,0,0,44.29937645,0,0,0,44.29937645,0.05,0.062443645,138.310727,17.37026956,26.9291069,439.7589815,26.9291069,
133902,39,F,High School,Married,Less than $40k,32400,9/30/2022,14,8900,0.17828579,741,0,0,0,0,0,0,0,31.73487063,0,0,0,31.73487063,0.05,0.05891429,93.48186779,-44.82885922,76.56372985,516.3227114,76.56372985,
133902,39,F,High School,Married,Less than $40k,32400,10/31/2022,15,8900,0.17343493,742,0,0,0,0,0,0,0,30.87141753,0,0,0,30.87141753,0.05,0.058671746,90.56399915,-2.917868638,33.78928616,550.1119976,33.78928616,
133902,39,F,High School,Married,Less than $40k,32400,11/30/2022,16,8900,0.215749417,740,0,0,0,0,0,0,0,38.40339629,0,0,0,38.40339629,0.05,0.060787471,116.7222666,26.15826749,12.24512879,562.3571263,12.24512879,
133902,39,F,High School,Married,Less than $40k,32400,12/31/2022,17,8900,0.19086147,741,0,0,0,0,0,0,0,33.97334159,0,0,0,33.97334159,0.05,0.059543073,101.1438587,-15.57840792,49.55174951,611.9088759,49.55174951,
133902,39,F,High School,Married,Less than $40k,32400,1/31/2023,18,8900,0.235494685,739,0,0,0,0,0,0,0,41.91805387,0,0,0,41.91805387,0.05,0.061774734,129.4738319,28.32997313,13.58808074,625.4969566,13.58808074,
133902,39,F,High School,Married,Less than $40k,32400,2/28/2023,19,8900,0.236491738,739,0,0,0,0,0,0,0,42.09552936,0,0,0,42.09552936,0.05,0.061824587,130.1269357,0.653103814,41.44242555,666.9393821,41.44242555,
133902,39,F,High School,Married,Less than $40k,32400,3/31/2023,20,8900,0.235682739,739,0,0,0,0,0,0,0,41.95152758,0,0,0,41.95152758,0.05,0.061784137,129.5969463,-0.529989396,42.48151697,709.4208991,42.48151697,
133902,39,F,High School,Married,Less than $40k,32400,4/30/2023,21,8900,0.246727569,739,0,0,0,0,0,0,0,43.91750722,0,0,0,43.91750722,0.05,0.062336378,136.8829175,7.285971227,36.63153599,746.0524351,36.63153599,
133902,39,F,High School,Married,Less than $40k,32400,5/31/2023,22,8900,0.184855292,741,0,0,0,0,0,0,0,32.90424196,0,0,0,32.90424196,0.05,0.059242765,97.46691303,-39.41600447,72.32024643,818.3726815,72.32024643,
133902,39,F,High School,Married,Less than $40k,32400,6/30/2023,23,8900,0.19340067,741,0,0,0,0,0,0,0,34.42531934,0,0,0,34.42531934,0.05,0.059670034,102.7079979,5.24108492,29.18423442,847.556916,29.18423442,
133902,39,F,High School,Married,Less than $40k,32400,7/31/2023,24,8900,0.249931632,739,0,0,0,0,0,0,0,44.48783057,0,0,100,144.4878306,0.05,0.062496582,139.0168667,36.30886878,108.1789618,955.7358777,108.1789618,
133902,39,F,High School,Married,Less than $40k,32400,8/31/2023,25,8900,0.190978904,741,0,0,0,0,0,0,0,33.99424492,0,0,0,33.99424492,0.05,0.059548945,101.2160714,-37.80079532,71.79504024,1027.530918,71.79504024,
133902,40,F,High School,Married,Less than $40k,32400,9/30/2023,26,8900,0.23476242,739,0,0,0,0,0,0,0,41.78771077,0,0,0,41.78771077,0.05,0.061738121,128.9947372,27.7786658,14.00904497,1041.539963,14.00904497,
133902,40,F,High School,Married,Less than $40k,32400,10/31/2023,27,8900,0.195628106,741,0,0,0,0,0,0,0,34.82180293,0,0,0,34.82180293,0.05,0.059781405,104.0848158,-24.90992146,59.73172439,1101.271687,59.73172439,
133902,40,F,High School,Divorced,Less than $40k,32400,11/30/2023,28,8900,0.140874033,740,0,0,1,0,0,0,0,25.0755779,0,0,0,25.0755779,0.05,0.057043702,71.52018922,-32.56462653,57.64020442,1158.911892,57.64020442,
133902,40,F,High School,Divorced,Less than $40k,32400,12/31/2023,29,8900,0.159598643,740,0,0,1,0,0,0,0,28.4085585,0,0,0,28.4085585,0.05,0.057979932,82.35631474,10.83612551,17.57243299,1176.484325,17.57243299,
133902,40,F,High School,Divorced,Less than $40k,32400,1/31/2024,30,8900,0.178223581,740,0,0,1,0,0,0,0,31.72379749,0,0,0,31.72379749,0.05,0.058911179,93.44431572,11.08800098,20.6357965,1197.120121,20.6357965,
133902,40,F,High School,Divorced,Less than $40k,32400,2/29/2024,31,8900,0.200759489,740,0,0,1,0,0,0,0,35.73518908,0,0,0,35.73518908,0.05,0.060037974,107.2734185,13.82910276,21.90608632,1219.026208,21.90608632,
133902,40,F,High School,Divorced,Less than $40k,32400,3/31/2024,32,8900,0.224736303,740,0,0,1,0,1700.130131,1700.130131,1,40.00306191,0,34.86683544,0,74.86989735,0.05,0.061236815,122.4830054,15.20958688,59.66031047,1278.686518,59.66031047,
133902,40,F,High School,Divorced,Less than $40k,32400,4/30/2024,33,8900,0.571305129,706,0,0,1,1,4321.923297,4321.923297,1,101.6923129,30,0,0,131.6923129,0.15,0.178565256,907.9356963,785.4526909,-653.7603781,624.92614,-653.7603781,
133902,40,F,High School,Divorced,Less than $40k,32400,5/31/2024,34,8900,0.641407257,688,0,0,1,2,4852.245898,4852.245898,1,9.805360407,30,0,0,39.80536041,0.4,0.432070363,2466.484289,1558.548593,-1518.743232,-893.8170923,-1518.743232,
133902,40,F,High School,Divorced,Less than $40k,32400,6/30/2024,35,8900,0.708483896,670,0,0,1,3,5359.680674,5359.680674,1,9.356803086,30,0,0,39.35680309,0.65,0.685424195,4321.946836,1855.462547,-1816.105744,-2709.922836,-1816.105744,
133902,40,F,High School,Divorced,Less than $40k,32400,7/31/2024,36,8900,0.777262775,660,0,0,1,4,5359.680674,5359.680674,1,0,0,0,100,100,0.72,0.758863139,5249.541013,927.594177,-827.594177,-3537.517013,-827.594177,
133902,40,F,High School,Divorced,Less than $40k,32400,8/31/2024,37,8900,0.845121274,642,0,0,1,5,5359.680674,5359.680674,1,0,0,0,0,0,0.8,0.842256064,6335.09581,1085.554798,-1085.554798,-4623.071811,-1085.554798,
133902,41,F,High School,Divorced,Less than $40k,32400,9/30/2024,38,8900,0.916231665,624,0,0,1,6,5359.680674,5359.680674,1,0,0,0,0,0,0.84,0.885811583,7223.31673,888.22092,-888.22092,-5511.292731,-888.22092,
133902,41,F,High School,Divorced,Less than $40k,32400,10/31/2024,39,8900,0.988090705,614,0,0,1,7,5359.680674,5359.680674,1,0,0,0,0,0,0.86,0.9,7914.606548,691.2898173,-691.2898173,-6202.582548,-691.2898173,
133903,37,F,High School,Married,Less than $40k,32400,8/31/2021,1,7200,0.214062,740,0,0,1,0,0,0,0,30.82492804,0,0,0,30.82492804,0.05,0.0607031,93.5584345,93.5584345,-62.73350645,-62.73350645,-62.73350645,
133903,38,F,High School,Married,Less than $40k,32400,9/30/2021,2,7200,0.206674575,740,0,0,1,0,0,0,0,29.76113882,0,0,0,29.76113882,0.05,0.060333729,89.78002386,-3.778410641,33.53954946,-29.19395699,33.53954946,
133903,38,F,High School,Married,Less than $40k,32400,10/31/2021,3,7200,0.214121563,740,0,0,1,0,0,0,0,30.83350501,0,0,0,30.83350501,0.05,0.060706078,93.5890582,3.809034343,27.02447067,-2.169486327,27.02447067,
133903,38,F,High School,Married,Less than $40k,32400,11/30/2021,4,7200,0.244059001,739,0,0,1,0,0,0,0,35.14449621,0,0,0,35.14449621,0.05,0.06220295,109.3045672,15.71550895,19.42898726,17.25950093,19.42898726,
133903,38,F,High School,Married,Less than $40k,32400,12/31/2021,5,7200,0.22257046,740,0,0,1,0,0,0,0,32.05014624,0,0,0,32.05014624,0.05,0.061128523,97.9589051,-11.34566205,43.3958083,60.65530923,43.3958083,
133903,38,F,High School,Married,Less than $40k,32400,1/31/2022,6,7200,0.237781053,739,0,0,1,0,0,0,0,34.2404716,0,0,0,34.2404716,0.05,0.061889053,105.9555175,7.996612376,26.24385923,86.89916846,26.24385923,
133903,38,F,High School,Married,Less than $40k,32400,2/28/2022,7,7200,0.179294699,741,0,0,1,0,0,0,0,25.81843662,0,0,0,25.81843662,0.05,0.058964735,76.11886361,-29.83665387,55.65509049,142.5542589,55.65509049,
133903,38,F,High School,Married,Less than $40k,32400,3/31/2022,8,7200,0.198082821,741,0,0,1,0,0,0,0,28.52392628,0,0,0,28.52392628,0.05,0.059904141,85.43506519,9.316201586,19.2077247,161.7619836,19.2077247,
133903,38,F,High School,Married,Less than $40k,32400,4/30/2022,9,7200,0.175344365,741,0,0,1,0,0,0,0,25.24958862,0,0,0,25.24958862,0.05,0.058767218,74.19240427,-11.24266092,36.49224954,198.2542332,36.49224954,
133903,38,F,High School,Married,Less than $40k,32400,5/31/2022,10,7200,0.234920767,739,0,0,1,0,0,0,0,33.82859041,0,0,0,33.82859041,0.05,0.061746038,104.439072,30.24666774,3.581922666,201.8361558,3.581922666,
133903,38,F,High School,Married,Less than $40k,32400,6/30/2022,11,7200,0.233479987,739,0,0,1,0,0,0,0,33.62111815,0,0,0,33.62111815,0.05,0.061673999,103.677441,-0.761631063,34.38274921,236.2189051,34.38274921,
133903,38,F,High School,Married,Less than $40k,32400,7/31/2022,12,7200,0.241344986,739,0,0,1,0,0,0,0,34.75367799,0,0,100,134.753678,0.05,0.062067249,107.8532598,4.175818839,130.5778591,366.7967642,130.5778591,
133903,38,F,High School,Married,Less than $40k,32400,8/31/2022,13,7200,0.190883004,741,0,0,0,0,0,0,0,27.48715251,0,0,0,27.48715251,0.05,0.05954415,81.83495684,-26.01830295,53.50545546,420.3022197,53.50545546,
133903,39,F,High School,Married,Less than $40k,32400,9/30/2022,14,7200,0.217328121,740,0,0,0,0,0,0,0,31.29524943,0,0,0,31.29524943,0.05,0.060866406,95.24146795,13.40651111,17.88873831,438.190958,17.88873831,
133903,39,F,High School,Married,Less than $40k,32400,10/31/2022,15,7200,0.241068875,739,0,0,0,0,0,0,0,34.71391796,0,0,0,34.71391796,0.05,0.062053444,107.7059078,12.46443981,22.24947815,460.4404361,22.24947815,
133903,39,F,High School,Married,Less than $40k,32400,11/30/2022,16,7200,0.214767728,740,0,0,0,0,0,0,0,30.92655283,0,0,0,30.92655283,0.05,0.060738386,93.92144578,-13.78446198,44.71101481,505.1514509,44.71101481,
133903,39,F,High School,Married,Less than $40k,32400,12/31/2022,17,7200,0.182576691,741,0,0,0,0,0,0,0,26.29104349,0,0,0,26.29104349,0.05,0.059128835,77.72793803,-16.19350776,42.48455125,547.6360022,42.48455125,
133903,39,F,High School,Married,Less than $40k,32400,1/31/2023,18,7200,0.227369829,739,0,0,0,0,0,0,0,32.74125538,0,0,0,32.74125538,0.05,0.061368491,100.4640726,22.73613453,10.00512085,557.641123,10.00512085,
133903,39,F,High School,Married,Less than $40k,32400,2/28/2023,19,7200,0.212320895,740,0,0,0,0,0,0,0,30.57420892,0,0,0,30.57420892,0.05,0.060616045,92.66438084,-7.799691719,38.37390064,596.0150237,38.37390064,
133903,39,F,High School,Married,Less than $40k,32400,3/31/2023,20,7200,0.229849008,739,0,0,0,0,0,0,0,33.09825715,0,0,0,33.09825715,0.05,0.06149245,101.7646468,9.100265978,23.99799118,620.0130149,23.99799118,
133903,39,F,High School,Married,Less than $40k,32400,4/30/2023,21,7200,0.173893178,742,0,0,0,0,0,0,0,25.04061763,0,0,0,25.04061763,0.05,0.058694659,73.48752553,-28.27712129,53.31773892,673.3307538,53.31773892,
133903,39,F,High School,Married,Less than $40k,32400,5/31/2023,22,7200,0.19454563,741,0,0,0,0,0,0,0,28.01457071,0,0,0,28.01457071,0.05,0.059727281,83.66170753,10.174182,17.8403887,691.1711425,17.8403887,
133903,39,F,High School,Married,Less than $40k,32400,6/30/2023,23,7200,0.17746982,741,0,0,0,0,0,0,0,25.55565414,0,0,0,25.55565414,0.05,0.058873491,75.22752872,-8.434178808,33.98983295,725.1609754,33.98983295,
133903,39,F,High School,Married,Less than $40k,32400,7/31/2023,24,7200,0.203243743,740,0,0,0,0,0,0,0,29.26709902,0,0,100,129.267099,0.05,0.060162187,88.03863444,12.81110572,116.4559933,841.6169687,116.4559933,
133903,39,F,High School,Married,Less than $40k,32400,8/31/2023,25,7200,0.235253274,739,0,0,0,0,0,0,0,33.87647149,0,0,0,33.87647149,0.05,0.061762664,104.6150558,16.57642138,17.30005011,858.9170188,17.30005011,
133903,40,F,High School,Married,Less than $40k,32400,9/30/2023,26,7200,0.199284161,741,0,0,0,0,0,0,0,28.69691915,0,0,0,28.69691915,0.05,0.059964208,86.0394015,-18.57565433,47.27257348,906.1895923,47.27257348,
133903,40,F,High School,Married,Less than $40k,32400,10/31/2023,27,7200,0.189811359,741,0,0,0,0,0,0,0,27.33283563,0,0,0,27.33283563,0.05,0.059490568,81.30229572,-4.737105783,32.06994141,938.2595337,32.06994141,
133903,40,F,High School,Divorced,Less than $40k,32400,11/30/2023,28,7200,0.135261112,740,0,0,1,0,0,0,0,19.4776001,0,0,0,19.4776001,0.05,0.056763056,55.28040486,-26.02189086,45.49949096,983.7590247,45.49949096,
133903,40,F,High School,Divorced,Less than $40k,32400,12/31/2023,29,7200,0.162125103,740,0,0,1,0,0,0,0,23.34601489,0,0,0,23.34601489,0.05,0.058106255,67.82747493,12.54707007,10.79894482,994.5579695,10.79894482,
133903,40,F,High School,Divorced,Less than $40k,32400,1/31/2024,30,7200,0.176215205,740,0,0,1,0,0,0,0,25.37498953,0,0,0,25.37498953,0.05,0.05881076,74.61612129,6.788646357,18.58634317,1013.144313,18.58634317,
133903,40,F,High School,Divorced,Less than $40k,32400,2/29/2024,31,7200,0.202373122,740,0,0,1,0,0,0,0,29.14172955,0,0,0,29.14172955,0.05,0.060118656,87.59808086,12.98195957,16.15976999,1029.304083,16.15976999,
133903,40,F,High School,Divorced,Less than $40k,32400,3/31/2024,32,7200,0.222530651,740,0,0,1,0,1361.887587,1361.887587,1,32.0444138,0,27.93004459,0,59.97445839,0.05,0.061126533,97.93819519,10.34011434,49.63434405,1078.938427,49.63434405,
133903,40,F,High School,Divorced,Less than $40k,32400,4/30/2024,33,7200,0.568175725,706,0,0,1,1,3477.235439,3477.235439,1,81.81730444,30,0,0,111.8173044,0.15,0.178408786,729.846299,631.9081039,-520.0907994,558.8476273,-520.0907994,
133903,40,F,High School,Divorced,Less than $40k,32400,5/31/2024,34,7200,0.641997479,688,0,0,1,2,3929.024574,3929.024574,1,8.266255574,30,0,0,38.26625557,0.4,0.432099874,1997.330615,1267.484316,-1229.218061,-670.3704335,-1229.218061,
133903,40,F,High School,Divorced,Less than $40k,32400,6/30/2024,35,7200,0.707540078,670,0,0,1,3,4330.145275,4330.145275,1,7.273251747,30,0,0,37.27325175,0.65,0.685377004,3491.508229,1494.177614,-1456.904362,-2127.274795,-1456.904362,
133903,40,F,High School,Divorced,Less than $40k,32400,7/31/2024,36,7200,0.778584716,660,0,0,1,4,4330.145275,4330.145275,1,0,0,0,100,100,0.72,0.758929236,4254.413067,762.9048382,-662.9048382,-2790.179634,-662.9048382,
133903,40,F,High School,Divorced,Less than $40k,32400,8/31/2024,37,7200,0.851270767,642,0,0,1,5,4330.145275,4330.145275,1,0,0,0,0,0,0.8,0.842563538,5164.19791,909.7848428,-909.7848428,-3699.964476,-909.7848428,
133903,41,F,High School,Divorced,Less than $40k,32400,9/30/2024,38,7200,0.917212689,624,0,0,1,6,4330.145275,4330.145275,1,0,0,0,0,0,0.84,0.885860634,5850.162822,685.9649121,-685.9649121,-4385.929389,-685.9649121,
133903,41,F,High School,Divorced,Less than $40k,32400,10/31/2024,39,7200,0.993166242,614,0,0,1,7,4330.145275,4330.145275,1,0,0,0,0,0,0.86,0.9,6435.717247,585.5544252,-585.5544252,-4971.483814,-585.5544252,
133904,37,F,High School,Married,Less than $40k,32400,8/31/2021,1,8700,0.231634385,739,0,0,1,0,0,0,0,40.30438292,0,0,0,40.30438292,0.05,0.061581719,124.1006596,124.1006596,-83.79627671,-83.79627671,-83.79627671,
133904,38,F,High School,Married,Less than $40k,32400,9/30/2021,2,8700,0.18115938,741,0,0,1,0,0,0,0,31.5217321,0,0,0,31.5217321,0.05,0.059057969,93.08047384,-31.02018579,62.54191788,-21.25435882,62.54191788,
133904,38,F,High School,Married,Less than $40k,32400,10/31/2021,3,8700,0.211410413,740,0,0,1,0,0,0,0,36.78541189,0,0,0,36.78541189,0.05,0.060570521,111.4055776,18.32510371,18.46030818,-2.794050643,18.46030818,
133904,38,F,High School,Married,Less than $40k,32400,11/30/2021,4,8700,0.232300512,739,0,0,1,0,0,0,0,40.42028913,0,0,0,40.42028913,0.05,0.061615026,124.5248575,13.11927994,27.30100919,24.50695854,27.30100919,
133904,38,F,High School,Married,Less than $40k,32400,12/31/2021,5,8700,0.182700237,741,0,0,1,0,0,0,0,31.78984126,0,0,0,31.78984126,0.05,0.059135012,93.99463199,-30.5302255,62.32006676,86.8270253,62.32006676,
133904,38,F,High School,Married,Less than $40k,32400,1/31/2022,6,8700,0.22121114,740,0,0,1,0,0,0,0,38.49073842,0,0,0,38.49073842,0.05,0.061060557,117.5132964,23.51866442,14.972074,101.7990993,14.972074,
133904,38,F,High School,Married,Less than $40k,32400,2/28/2022,7,8700,0.182911526,741,0,0,1,0,0,0,0,31.82660561,0,0,0,31.82660561,0.05,0.059145576,94.12014657,-23.39314985,55.21975546,157.0188548,55.21975546,
133904,38,F,High School,Married,Less than $40k,32400,3/31/2022,8,8700,0.179939357,741,0,0,1,0,0,0,0,31.30944819,0,0,0,31.30944819,0.05,0.058996968,92.35812543,-1.762021136,33.07146932,190.0903241,33.07146932,
133904,38,F,High School,Married,Less than $40k,32400,4/30/2022,9,8700,0.237089434,739,0,0,1,0,0,0,0,41.25356146,0,0,0,41.25356146,0.05,0.061854472,127.5858625,35.22773703,6.025824429,196.1161485,6.025824429,
133904,38,F,High School,Married,Less than $40k,32400,5/31/2022,10,8700,0.246730871,739,0,0,1,0,0,0,0,42.93117152,0,0,0,42.93117152,0.05,0.062336544,133.8090421,6.223179671,36.70799185,232.8241404,36.70799185,
133904,38,F,High School,Married,Less than $40k,32400,6/30/2022,11,8700,0.191410365,741,0,0,1,0,0,0,0,33.30540354,0,0,0,33.30540354,0.05,0.059570518,99.20100749,-34.60803464,67.91343818,300.7375785,67.91343818,
133904,38,F,High School,Married,Less than $40k,32400,7/31/2022,12,8700,0.194845113,741,0,0,1,0,0,0,0,33.9030497,0,0,100,133.9030497,0.05,0.059742256,101.2722331,2.071225644,131.8318241,432.5694026,131.8318241,
133904,38,F,High School,Married,Less than $40k,32400,8/31/2022,13,8700,0.218725893,740,0,0,0,0,0,0,0,38.05830539,0,0,0,38.05830539,0.05,0.060936295,115.9566056,14.68437243,23.37393296,455.9433356,23.37393296,
133904,39,F,High School,Married,Less than $40k,32400,9/30/2022,14,8700,0.220056572,740,0,0,0,0,0,0,0,38.2898435,0,0,0,38.2898435,0.05,0.061002829,116.789438,0.832832436,37.45701107,493.4003466,37.45701107,
133904,39,F,High School,Married,Less than $40k,32400,10/31/2022,15,8700,0.216372076,740,0,0,0,0,0,0,0,37.64874117,0,0,0,37.64874117,0.05,0.060818604,114.4871936,-2.302244412,39.95098558,533.3513322,39.95098558,
133904,39,F,High School,Married,Less than $40k,32400,11/30/2022,16,8700,0.175281664,741,0,0,0,0,0,0,0,30.4990096,0,0,0,30.4990096,0.05,0.058764083,89.61231692,-24.87487667,55.37388627,588.7252185,55.37388627,
133904,39,F,High School,Married,Less than $40k,32400,12/31/2022,17,8700,0.213736553,740,0,0,0,0,0,0,0,37.19016028,0,0,0,37.19016028,0.05,0.060686828,112.8476424,23.23532548,13.9548348,602.6800533,13.9548348,
133904,39,F,High School,Married,Less than $40k,32400,1/31/2023,18,8700,0.229278752,739,0,0,0,0,0,0,0,39.89450291,0,0,0,39.89450291,0.05,0.061463938,122.6036619,9.756019493,30.13848342,632.8185367,30.13848342,
133904,39,F,High School,Married,Less than $40k,32400,2/28/2023,19,8700,0.216511881,740,0,0,0,0,0,0,0,37.67306721,0,0,0,37.67306721,0.05,0.060825594,114.5743346,-8.029327302,45.70239451,678.5209312,45.70239451,
133904,39,F,High School,Married,Less than $40k,32400,3/31/2023,20,8700,0.209947525,740,0,0,0,0,0,0,0,36.53086943,0,0,0,36.53086943,0.05,0.060497376,110.5010877,-4.073246932,40.60411636,719.1250476,40.60411636,
133904,39,F,High School,Married,Less than $40k,32400,4/30/2023,21,8700,0.229888615,739,0,0,0,0,0,0,0,40.00061906,0,0,0,40.00061906,0.05,0.061494431,122.990765,12.48967732,27.51094175,746.6359893,27.51094175,
133904,39,F,High School,Married,Less than $40k,32400,5/31/2023,22,8700,0.183323253,741,0,0,0,0,0,0,0,31.8982461,0,0,0,31.8982461,0.05,0.059166163,94.36484089,-28.62592409,60.52417019,807.1601595,60.52417019,
133904,39,F,High School,Married,Less than $40k,32400,6/30/2023,23,8700,0.248531543,739,0,0,0,0,0,0,0,43.24448848,0,0,0,43.24448848,0.05,0.062426577,134.9802698,40.61542892,2.629059559,809.7892191,2.629059559,
133904,39,F,High School,Married,Less than $40k,32400,7/31/2023,24,8700,0.207906541,740,0,0,0,0,0,0,0,36.17573815,0,0,100,136.1757381,0.05,0.060395327,109.2422768,-25.73799297,161.9137311,971.7029502,161.9137311,
133904,39,F,High School,Married,Less than $40k,32400,8/31/2023,25,8700,0.205524003,740,0,0,0,0,0,0,0,35.76117644,0,0,0,35.76117644,0.05,0.0602762,107.7773914,-1.46488543,37.22606187,1008.929012,37.22606187,
133904,40,F,High School,Married,Less than $40k,32400,9/30/2023,26,8700,0.214906051,740,0,0,0,0,0,0,0,37.39365291,0,0,0,37.39365291,0.05,0.060745303,113.574438,5.797046578,31.59660633,1040.525618,31.59660633,
133904,40,F,High School,Married,Less than $40k,32400,10/31/2023,27,8700,0.178473003,741,0,0,0,0,0,0,0,31.05430259,0,0,0,31.05430259,0.05,0.05892365,91.49164312,-22.08279486,53.13709746,1093.662716,53.13709746,
133904,40,F,High School,Divorced,Less than $40k,32400,11/30/2023,28,8700,0.140132031,740,0,0,1,0,0,0,0,24.38297342,0,0,0,24.38297342,0.05,0.057006602,69.49952253,-21.9921206,46.37509401,1140.03781,46.37509401,
133904,40,F,High School,Divorced,Less than $40k,32400,12/31/2023,29,8700,0.156226007,740,0,0,1,0,0,0,0,27.18332529,0,0,0,27.18332529,0.05,0.0578113,78.57516917,9.07564665,18.10767864,1158.145489,18.10767864,
133904,40,F,High School,Divorced,Less than $40k,32400,1/31/2024,30,8700,0.17690408,740,0,0,1,0,0,0,0,30.78130999,0,0,0,30.78130999,0.05,0.058845204,90.56662333,11.99145416,18.78985584,1176.935344,18.78985584,
133904,40,F,High School,Divorced,Less than $40k,32400,2/29/2024,31,8700,0.198626993,740,0,0,1,0,0,0,0,34.56109684,0,0,0,34.56109684,0.05,0.05993135,103.564659,12.99803566,21.56306118,1198.498406,21.56306118,
133904,40,F,High School,Divorced,Less than $40k,32400,3/31/2024,32,8700,0.219349911,740,0,0,1,0,1622.092595,1622.092595,1,38.16688459,0,33.26641564,0,71.43330024,0.05,0.060967496,116.3469684,12.78230938,58.65099085,1257.149396,58.65099085,
133904,40,F,High School,Divorced,Less than $40k,32400,4/30/2024,33,8700,0.570898528,706,0,0,1,1,4221.794615,4221.794615,1,99.33634389,30,0,0,129.3363439,0.15,0.178544926,886.8000105,770.4530421,-641.1166982,616.0326982,-641.1166982,
133904,40,F,High School,Divorced,Less than $40k,32400,5/31/2024,34,8700,0.636439041,688,0,0,1,2,4706.466707,4706.466707,1,8.910698258,30,0,0,38.91069826,0.4,0.431821952,2391.006636,1504.206625,-1465.295927,-849.263229,-1465.295927,
133904,40,F,High School,Divorced,Less than $40k,32400,6/30/2024,35,8700,0.710026889,670,0,0,1,3,5250.648841,5250.648841,1,10.07698061,30,0,0,40.07698061,0.65,0.685501344,4234.502164,1843.495529,-1803.418548,-2652.681777,-1803.418548,
133904,40,F,High School,Divorced,Less than $40k,32400,7/31/2024,36,8700,0.783551817,660,0,0,1,4,5250.648841,5250.648841,1,0,0,0,100,100,0.72,0.759177591,5175.238332,940.7361679,-840.7361679,-3493.417945,-840.7361679,
133904,40,F,High School,Divorced,Less than $40k,32400,8/31/2024,37,8700,0.850887643,642,0,0,1,5,5250.648841,5250.648841,1,0,0,0,0,0,0.8,0.842544382,6237.122253,1061.88392,-1061.88392,-4555.301865,-1061.88392,
133904,41,F,High School,Divorced,Less than $40k,32400,9/30/2024,38,8700,0.919070586,624,0,0,1,6,5250.648841,5250.648841,1,0,0,0,0,0,0.84,0.885953529,7084.008316,846.8860637,-846.8860637,-5402.187929,-846.8860637,
133904,41,F,High School,Divorced,Less than $40k,32400,10/31/2024,39,8700,0.985233387,614,0,0,1,7,5250.648841,5250.648841,1,0,0,0,0,0,0.86,0.9,7714.377419,630.3691025,-630.3691025,-6032.557031,-630.3691025,
101709,40,M,College,Single,$120k+,189000,12/31/2020,1,16300,0.346627043,755,0,0,1,0,0,38600.73195,0.059425699,113.0004161,0,0,0,113.0004161,0,0,0.05,282.5010402,282.5010402,-169.5006241,-169.5006241,-169.5006241
101709,41,M,College,Single,$120k+,189000,1/31/2021,2,16300,0.331006002,755,0,0,1,0,0,37664.77719,0.059425699,107.9079566,0,0,0,107.9079566,0,0,0.05,269.7698914,-12.73114877,120.6391053,-48.86151878,120.6391053
101709,41,M,College,Single,$120k+,189000,2/28/2021,3,16300,0.319882561,756,0,0,1,0,0,36728.82243,0.059425699,104.2817148,0,0,0,104.2817148,0,0,0.05,260.704287,-9.065604413,113.3473192,64.48580044,113.3473192
101709,41,M,College,Single,$120k+,189000,3/31/2021,4,16300,0.28410785,757,0,0,1,0,0,35792.86768,0.059425699,92.61915923,0,0,0,92.61915923,0,0,0.05,231.5478981,-29.15638895,121.7755482,186.2613486,121.7755482
101709,41,M,College,Single,$120k+,189000,4/30/2021,5,16300,0.295944691,757,0,0,1,0,0,34856.91292,0.059425699,96.47796932,0,0,0,96.47796932,0,0,0.05,241.1949233,9.647025235,86.83094409,273.0922927,86.83094409
101709,41,M,College,Single,$120k+,189000,5/31/2021,6,16300,0.325250863,755,0,0,1,0,0,33920.95817,0.059425699,106.0317813,0,0,0,106.0317813,0,0,0.05,265.0794533,23.88452996,82.14725135,355.2395441,82.14725135
101709,41,M,College,Single,$120k+,189000,6/30/2021,7,16300,0.304422112,756,0,0,1,0,0,32985.00341,0.059425699,99.24160839,0,0,0,99.24160839,0,0,0.05,248.104021,-16.97543229,116.2170407,471.4565847,116.2170407
101709,41,M,College,Single,$120k+,189000,7/31/2021,8,16300,0.342205158,755,0,0,1,0,0,32049.04865,0.059425699,111.5588816,0,0,0,111.5588816,0,0,0.05,278.8972041,30.79318311,80.76569852,552.2222833,80.76569852
101709,41,M,College,Single,$120k+,189000,8/31/2021,9,16300,0.307099789,756,0,0,1,0,0,31113.0939,0.059425699,100.1145312,0,0,0,100.1145312,0,0,0.05,250.2863279,-28.61087615,128.7254073,680.9476906,128.7254073
101709,41,M,College,Single,$120k+,189000,9/30/2021,10,16300,0.337948417,755,0,0,1,0,0,30177.13914,0.059425699,110.1711839,0,0,0,110.1711839,0,0,0.05,275.4279597,25.1416318,85.02955209,765.9772427,85.02955209
101709,41,M,College,Single,$120k+,189000,10/31/2021,11,16300,0.297784894,757,0,0,1,0,0,29241.18438,0.059425699,97.07787557,0,0,0,97.07787557,0,0,0.05,242.6946889,-32.73327081,129.8111464,895.7883891,129.8111464
101709,41,M,College,Single,$120k+,189000,11/30/2021,12,16300,0.349708486,755,0,0,1,0,0,28305.22963,0.059425699,114.0049664,0,0,100,214.0049664,0,0,0.05,285.0124159,42.31772698,171.6872394,1067.475628,171.6872394
101709,41,M,College,Single,$120k+,189000,12/31/2021,13,16300,0.347799349,755,0,0,0,0,0,27369.27487,0.059425699,113.3825879,0,0,0,113.3825879,0,0,0.05,283.4564698,-1.555946086,114.938534,1182.414162,114.938534
101709,42,M,College,Single,$120k+,189000,1/31/2022,14,16300,0.282037344,757,0,0,0,0,0,26433.32012,0.059425699,91.9441743,0,0,0,91.9441743,0,0,0.05,229.8604357,-53.59603408,145.5402084,1327.954371,145.5402084
101709,42,M,College,Single,$120k+,189000,2/28/2022,15,16300,0.284501012,757,0,0,0,0,0,25497.36536,0.059425699,92.74733,0,0,0,92.74733,0,0,0.05,231.868325,2.007889266,90.73944074,1418.693812,90.73944074
101709,42,M,College,Single,$120k+,189000,3/31/2022,16,16300,0.290453435,757,0,0,0,0,0,24561.4106,0.059425699,94.68781971,0,0,0,94.68781971,0,0,0.05,236.7195493,4.851224265,89.83659545,1508.530407,89.83659545
101709,42,M,College,Single,$120k+,189000,4/30/2022,17,16300,0.340296876,755,0,0,0,0,0,23625.45585,0.059425699,110.9367816,0,0,0,110.9367816,0,0,0.05,277.341954,40.62240468,70.3143769,1578.844784,70.3143769
101709,42,M,College,Single,$120k+,189000,5/31/2022,18,16300,0.289623152,757,0,0,0,0,0,22689.50109,0.059425699,94.4171474,0,0,0,94.4171474,0,0,0.05,236.0428685,-41.29908545,135.7162329,1714.561017,135.7162329
101709,42,M,College,Single,$120k+,189000,6/30/2022,19,16300,0.336031027,755,0,0,0,0,0,21753.54634,0.059425699,109.5461147,0,0,0,109.5461147,0,0,0.05,273.8652867,37.82241823,71.72369646,1786.284713,71.72369646
101709,42,M,College,Single,$120k+,189000,7/31/2022,20,16300,0.320746488,756,0,0,0,0,0,20817.59158,0.059425699,104.5633549,0,0,0,104.5633549,0,0,0.05,261.4083874,-12.45689939,117.0202543,1903.304968,117.0202543
101709,42,M,College,Single,$120k+,189000,8/31/2022,21,16300,0.325582893,755,0,0,0,0,0,19881.63682,0.059425699,106.1400232,0,0,0,106.1400232,0,0,0.05,265.3500579,3.94167052,102.1983526,2005.50332,102.1983526
101709,42,M,College,Single,$120k+,189000,9/30/2022,22,16300,0.2851062,757,0,0,0,0,0,18945.68207,0.059425699,92.94462109,0,0,0,92.94462109,0,0,0.05,232.3615527,-32.98850515,125.9331262,2131.436446,125.9331262
101709,42,M,College,Single,$120k+,189000,10/31/2022,23,16300,0.346865842,755,0,0,0,0,0,18009.72731,0.059425699,113.0782643,0,0,0,113.0782643,0,0,0.05,282.6956609,50.33410813,62.74415621,2194.180603,62.74415621
101709,42,M,College,Single,$120k+,189000,11/30/2022,24,16300,0.333723196,755,0,0,0,0,0,17073.77256,0.059425699,108.7937619,0,0,100,208.7937619,0,0,0.05,271.9844048,-10.71125608,219.505018,2413.685621,219.505018
101709,42,M,College,Single,$120k+,189000,12/31/2022,25,16300,0.305118401,756,0,0,0,0,0,16137.8178,0.059425699,99.46859875,0,0,0,99.46859875,0,0,0.05,248.6714969,-23.31290791,122.7815067,2536.467127,122.7815067
101709,43,M,College,Single,$120k+,189000,1/31/2023,26,16300,0.306749513,756,0,0,0,0,0,15201.86304,0.059425699,100.0003412,0,0,0,100.0003412,0,0,0.05,250.000853,1.329356152,98.67098506,2635.138112,98.67098506
101709,43,M,College,Single,$120k+,189000,2/28/2023,27,16300,0.324027186,756,0,0,0,0,0,14265.90829,0.059425699,105.6328626,0,0,0,105.6328626,0,0,0.05,264.0821564,14.08130336,91.55155919,2726.689672,91.55155919
101709,43,M,College,Single,$120k+,189000,3/31/2023,28,16300,0.348661741,755,0,0,0,0,0,13329.95353,0.059425699,113.6637276,0,0,0,113.6637276,0,0,0.05,284.1593189,20.07716251,93.58656505,2820.276237,93.58656505
101709,43,M,College,Single,$120k+,189000,4/30/2023,29,16300,0.312220135,756,0,0,0,0,0,12393.99877,0.059425699,101.7837639,0,0,0,101.7837639,0,0,0.05,254.4594097,-29.69990922,131.4836731,2951.75991,131.4836731
101709,43,M,College,Single,$120k+,189000,5/31/2023,30,16300,0.328702308,755,0,0,0,0,0,11458.04402,0.059425699,107.1569524,0,0,0,107.1569524,0,0,0.05,267.8923809,13.43297127,93.72398111,3045.483891,93.72398111
101709,43,M,College,Single,$120k+,189000,6/30/2023,31,16300,0.306563528,756,0,0,0,0,0,10522.08926,0.059425699,99.93971023,0,0,0,99.93971023,0,0,0.05,249.8492756,-18.04310535,117.9828156,3163.466706,117.9828156
101709,43,M,College,Single,$120k+,189000,7/31/2023,32,16300,0.289331334,757,0,0,0,0,0,9586.134506,0.059425699,94.32201501,0,0,0,94.32201501,0,0,0.05,235.8050375,-14.04423807,108.3662531,3271.832959,108.3662531
101709,43,M,College,Single,$120k+,189000,8/31/2023,33,16300,0.28283369,757,0,0,0,0,0,8650.17975,0.059425699,92.20378284,0,0,0,92.20378284,0,0,0.05,230.5094571,-5.295580414,97.49936326,3369.332323,97.49936326
101709,43,M,College,Single,$120k+,189000,9/30/2023,34,16300,0.289188803,757,0,0,0,0,0,7714.224994,0.059425699,94.27554978,0,0,0,94.27554978,0,0,0.05,235.6888744,5.179417333,89.09613244,3458.428455,89.09613244
101709,43,M,College,Single,$120k+,189000,10/31/2023,35,16300,0.340530736,755,0,0,0,0,0,6778.270238,0.059425699,111.0130198,0,0,0,111.0130198,0,0,0.05,277.5325496,41.84367517,69.16934468,3527.5978,69.16934468
101709,43,M,College,Single,$120k+,189000,11/30/2023,36,16300,0.29565806,757,0,0,0,0,0,5842.315482,0.059425699,96.38452768,0,0,100,196.3845277,0,0,0.05,240.9613192,-36.5712304,232.9557581,3760.553558,232.9557581
101709,43,M,College,Single,$120k+,189000,12/31/2023,37,16300,0.305034902,756,0,0,0,0,0,4906.360725,0.059425699,99.44137808,0,0,0,99.44137808,0,0,0.05,248.6034452,7.642126006,91.79925208,3852.35281,91.79925208
101709,44,M,College,Single,Less than $40k,0,1/31/2024,38,16300,0.212271107,760,2,1,1,0,3114.01714,11134.39501,8.4,3.460019045,0,63.86330152,0,67.32332056,0.1,0.25,0.65,2249.012379,2000.408934,-1933.085613,1919.267197,-1933.085613
101709,44,M,College,Single,Less than $40k,0,2/29/2024,39,16300,0.210569857,760,2,1,1,0,3089.059801,10148.52557,8.6,3.432288668,0,63.35146809,0,66.78375676,0.1,0.25,0.65,2230.987634,-18.02474495,84.8085017,2004.075698,84.8085017
101709,44,M,College,Single,Less than $40k,0,3/31/2024,40,16300,0.612647241,728,2,1,1,0,8987.535025,21009.52126,8.8,9.986150027,0,184.3193641,0,194.3055142,0.1,0.25,0.65,6490.997518,4260.009884,-4065.704369,-2061.628671,-4065.704369
101709,44,M,College,Single,Less than $40k,0,4/30/2024,41,16300,0.816768081,712,2,1,1,0,11981.98775,26062.47195,9,13.31331972,0,245.7305987,0,259.0439184,0.1,0.25,0.65,8653.657816,2162.660298,-1903.61638,-3965.245051,-1903.61638
101709,44,M,College,Single,Less than $40k,0,5/31/2024,42,16300,0.98721117,704,2,2,1,0,16091.54207,33345.62585,9.2,16.09154207,0,330.0107087,0,346.1022508,0.15,0.25,0.85,13677.81076,5024.152947,-4678.050696,-8643.295747,-4678.050696
101709,44,M,College,Single,Less than $40k,0,6/30/2024,43,16300,0.9944543,704,2,2,1,0,16209.60508,32645.79711,9.4,16.20960508,0,332.4319842,0,348.6415893,0.15,0.25,0.85,13778.16432,100.3535572,248.2880321,-8395.007715,248.2880321
101709,44,M,College,Single,Less than $40k,0,7/31/2024,44,16300,0.98858441,704,2,2,1,0,16113.92589,31518.48397,9.6,16.11392589,0,330.4697635,0,346.5836894,0.15,0.25,0.85,13696.83701,-81.32731327,427.9110026,-7967.096713,427.9110026
101709,44,M,College,Single,Less than $40k,0,8/31/2024,45,16300,0.987537228,704,2,2,1,0,16096.85682,30548.39106,9.8,16.09685682,0,330.1197052,0,346.216562,0.15,0.25,0.85,13682.32829,-14.50871438,360.7252764,-7606.371436,360.7252764
101709,44,M,College,Single,Less than $40k,0,9/30/2024,46,16300,0.990862599,704,2,2,1,0,16151.06036,29720.8434,10,16.15106036,0,331.2313295,0,347.3823899,0.15,0.25,0.85,13728.40131,46.07301305,301.3093769,-7305.062059,301.3093769
101709,44,M,College,Single,Less than $40k,0,10/31/2024,47,16300,0.988857488,704,2,2,1,0,16118.37706,28719.52204,10.2,16.11837706,0,330.5610496,0,346.6794266,0.15,0.25,0.85,13700.6205,-27.78080404,374.4602307,-6930.601829,374.4602307
101710,40,M,College,Single,$120k+,189000,12/31/2020,1,15000,0.285811571,757,0,0,1,0,0,38604.24444,0.061972851,85.74347143,0,0,0,85.74347143,0,0,0.05,214.3586786,214.3586786,-128.6152071,-128.6152071,-128.6152071
101710,41,M,College,Single,$120k+,189000,1/31/2021,2,15000,0.306290103,756,0,0,1,0,0,37628.17203,0.061972851,91.88703092,0,0,0,91.88703092,0,0,0.05,229.7175773,15.35889875,76.52813218,-52.08707496,76.52813218
101710,41,M,College,Single,$120k+,189000,2/28/2021,3,15000,0.308002729,756,0,0,1,0,0,36652.09962,0.061972851,92.40081869,0,0,0,92.40081869,0,0,0.05,231.0020467,1.284469407,91.11634928,39.02927432,91.11634928
101710,41,M,College,Single,$120k+,189000,3/31/2021,4,15000,0.317025899,756,0,0,1,0,0,35676.02722,0.061972851,95.10776981,0,0,0,95.10776981,0,0,0.05,237.7694245,6.767377814,88.340392,127.3696663,88.340392
101710,41,M,College,Single,$120k+,189000,4/30/2021,5,15000,0.332875143,755,0,0,1,0,0,34699.95481,0.061972851,99.86254303,0,0,0,99.86254303,0,0,0.05,249.6563576,11.88693305,87.97560998,215.3452763,87.97560998
101710,41,M,College,Single,$120k+,189000,5/31/2021,6,15000,0.316476505,756,0,0,1,0,0,33723.8824,0.061972851,94.94295147,0,0,0,94.94295147,0,0,0.05,237.3573787,-12.2989789,107.2419304,322.5872067,107.2419304
101710,41,M,College,Single,$120k+,189000,6/30/2021,7,15000,0.313135556,756,0,0,1,0,0,32747.80999,0.061972851,93.94066672,0,0,0,93.94066672,0,0,0.05,234.8516668,-2.505711875,96.4463786,419.0335853,96.4463786
101710,41,M,College,Single,$120k+,189000,7/31/2021,8,15000,0.284454985,757,0,0,1,0,0,31771.73759,0.061972851,85.33649542,0,0,0,85.33649542,0,0,0.05,213.3412386,-21.51042825,106.8469237,525.8805089,106.8469237
101710,41,M,College,Single,$120k+,189000,8/31/2021,9,15000,0.285472975,757,0,0,1,0,0,30795.66518,0.061972851,85.64189243,0,0,0,85.64189243,0,0,0.05,214.1047311,0.763492523,84.87839991,610.7589088,84.87839991
101710,41,M,College,Single,$120k+,189000,9/30/2021,10,15000,0.302554183,756,0,0,1,0,0,29819.59277,0.061972851,90.76625492,0,0,0,90.76625492,0,0,0.05,226.9156373,12.81090623,77.95534869,688.7142575,77.95534869
101710,41,M,College,Single,$120k+,189000,10/31/2021,11,15000,0.294723604,757,0,0,1,0,0,28843.52036,0.061972851,88.41708132,0,0,0,88.41708132,0,0,0.05,221.0427033,-5.872933999,94.29001532,783.0042729,94.29001532
101710,41,M,College,Single,$120k+,189000,11/30/2021,12,15000,0.302940009,756,0,0,1,0,0,27867.44796,0.061972851,90.88200276,0,0,100,190.8820028,0,0,0.05,227.2050069,6.162303593,184.7196992,967.723972,184.7196992
101710,41,M,College,Single,$120k+,189000,12/31/2021,13,15000,0.316173089,756,0,0,0,0,0,26891.37555,0.061972851,94.85192675,0,0,0,94.85192675,0,0,0.05,237.1298169,9.924809978,84.92711677,1052.651089,84.92711677
101710,42,M,College,Single,$120k+,189000,1/31/2022,14,15000,0.310370251,756,0,0,0,0,0,25915.30314,0.061972851,93.11107545,0,0,0,93.11107545,0,0,0.05,232.7776886,-4.352128257,97.46320371,1150.114293,97.46320371
101710,42,M,College,Single,$120k+,189000,2/28/2022,15,15000,0.331259341,755,0,0,0,0,0,24939.23073,0.061972851,99.37780223,0,0,0,99.37780223,0,0,0.05,248.4445056,15.66681696,83.71098528,1233.825278,83.71098528
101710,42,M,College,Single,$120k+,189000,3/31/2022,16,15000,0.346801949,755,0,0,0,0,0,23963.15833,0.061972851,104.0405846,0,0,0,104.0405846,0,0,0.05,260.1014616,11.65695598,92.38362864,1326.208906,92.38362864
101710,42,M,College,Single,$120k+,189000,4/30/2022,17,15000,0.301411172,756,0,0,0,0,0,22987.08592,0.061972851,90.42335164,0,0,0,90.42335164,0,0,0.05,226.0583791,-34.04308245,124.4664341,1450.675341,124.4664341
101710,42,M,College,Single,$120k+,189000,5/31/2022,18,15000,0.335698539,755,0,0,0,0,0,22011.01351,0.061972851,100.7095617,0,0,0,100.7095617,0,0,0.05,251.7739043,25.71552522,74.99403651,1525.669377,74.99403651
101710,42,M,College,Single,$120k+,189000,6/30/2022,19,15000,0.328438478,755,0,0,0,0,0,21034.9411,0.061972851,98.53154349,0,0,0,98.53154349,0,0,0.05,246.3288587,-5.445045587,103.9765891,1629.645966,103.9765891
101710,42,M,College,Single,$120k+,189000,7/31/2022,20,15000,0.336425932,755,0,0,0,0,0,20058.8687,0.061972851,100.9277797,0,0,0,100.9277797,0,0,0.05,252.3194492,5.990590419,94.93718924,1724.583155,94.93718924
101710,42,M,College,Single,$120k+,189000,8/31/2022,21,15000,0.307802126,756,0,0,0,0,0,19082.79629,0.061972851,92.34063789,0,0,0,92.34063789,0,0,0.05,230.8515947,-21.46785444,113.8084923,1838.391648,113.8084923
101710,42,M,College,Single,$120k+,189000,9/30/2022,22,15000,0.346798042,755,0,0,0,0,0,18106.72388,0.061972851,104.0394125,0,0,0,104.0394125,0,0,0.05,260.0985314,29.24693664,74.7924759,1913.184124,74.7924759
101710,42,M,College,Single,$120k+,189000,10/31/2022,23,15000,0.28298605,757,0,0,0,0,0,17130.65148,0.061972851,84.89581487,0,0,0,84.89581487,0,0,0.05,212.2395372,-47.85899418,132.7548091,2045.938933,132.7548091
101710,42,M,College,Single,$120k+,189000,11/30/2022,24,15000,0.298240458,757,0,0,0,0,0,16154.57907,0.061972851,89.47213753,0,0,100,189.4721375,0,0,0.05,223.6803438,11.44080665,178.0313309,2223.970264,178.0313309
101710,42,M,College,Single,$120k+,189000,12/31/2022,25,15000,0.284976239,757,0,0,0,0,0,15178.50666,0.061972851,85.49287174,0,0,0,85.49287174,0,0,0.05,213.7321793,-9.948164483,95.44103622,2319.4113,95.44103622
101710,43,M,College,Single,$120k+,189000,1/31/2023,26,15000,0.321587318,756,0,0,0,0,0,14202.43425,0.061972851,96.47619528,0,0,0,96.47619528,0,0,0.05,241.1904882,27.45830887,69.01788642,2388.429186,69.01788642
101710,43,M,College,Single,$120k+,189000,2/28/2023,27,15000,0.308729467,756,0,0,0,0,0,13226.36185,0.061972851,92.61884015,0,0,0,92.61884015,0,0,0.05,231.5471004,-9.643387829,102.262228,2490.691414,102.262228
101710,43,M,College,Single,$120k+,189000,3/31/2023,28,15000,0.321635507,756,0,0,0,0,0,12250.28944,0.061972851,96.49065212,0,0,0,96.49065212,0,0,0.05,241.2266303,9.679529929,86.8111222,2577.502536,86.8111222
101710,43,M,College,Single,$120k+,189000,4/30/2023,29,15000,0.340086871,755,0,0,0,0,0,11274.21703,0.061972851,102.0260614,0,0,0,102.0260614,0,0,0.05,255.0651534,13.83852308,88.18753827,2665.690075,88.18753827
101710,43,M,College,Single,$120k+,189000,5/31/2023,30,15000,0.327106574,755,0,0,0,0,0,10298.14462,0.061972851,98.13197235,0,0,0,98.13197235,0,0,0.05,245.3299309,-9.735222528,107.8671949,2773.557269,107.8671949
101710,43,M,College,Single,$120k+,189000,6/30/2023,31,15000,0.332324076,755,0,0,0,0,0,9322.072216,0.061972851,99.69722288,0,0,0,99.69722288,0,0,0.05,249.2430572,3.913126344,95.78409654,2869.341366,95.78409654
101710,43,M,College,Single,$120k+,189000,7/31/2023,32,15000,0.325888215,755,0,0,0,0,0,8345.999808,0.061972851,97.76646458,0,0,0,97.76646458,0,0,0.05,244.4161614,-4.826895769,102.5933603,2971.934726,102.5933603
101710,43,M,College,Single,$120k+,189000,8/31/2023,33,15000,0.295616838,757,0,0,0,0,0,7369.927401,0.061972851,88.68505141,0,0,0,88.68505141,0,0,0.05,221.7126285,-22.70353292,111.3885843,3083.323311,111.3885843
101710,43,M,College,Single,$120k+,189000,9/30/2023,34,15000,0.280558609,757,0,0,0,0,0,6393.854994,0.061972851,84.16758256,0,0,0,84.16758256,0,0,0.05,210.4189564,-11.29367211,95.46125467,3178.784565,95.46125467
101710,43,M,College,Single,$120k+,189000,10/31/2023,35,15000,0.339053849,755,0,0,0,0,0,5417.782586,0.061972851,101.7161548,0,0,0,101.7161548,0,0,0.05,254.2903869,43.87143047,57.84472428,3236.62929,57.84472428
101710,43,M,College,Single,$120k+,189000,11/30/2023,36,15000,0.339033101,755,0,0,0,0,0,4441.710179,0.061972851,101.7099304,0,0,100,201.7099304,0,0,0.05,254.2748261,-0.01556081,201.7254912,3438.354781,201.7254912
101710,43,M,College,Single,$120k+,189000,12/31/2023,37,15000,0.303893612,756,0,0,0,0,0,3465.637771,0.061972851,91.16808371,0,0,0,91.16808371,0,0,0.05,227.9202093,-26.35461679,117.5227005,3555.877481,117.5227005
101710,44,M,College,Single,Less than $40k,0,1/31/2024,38,15000,0.214805576,760,2,1,1,0,2899.875281,9265.388332,8.4,3.222083645,0,59.47160888,0,62.69369252,0.1,0.25,0.65,2094.354369,1866.43416,-1803.740467,1752.137014,-1803.740467
101710,44,M,College,Single,Less than $40k,0,2/29/2024,39,15000,0.216998645,760,2,1,1,0,2929.481707,8348.528777,8.6,3.254979674,0,60.07878734,0,63.33376701,0.1,0.25,0.65,2115.736788,21.3824189,41.95134811,1794.088362,41.95134811
101710,44,M,College,Single,Less than $40k,0,3/31/2024,40,15000,0.617864065,728,2,1,1,0,8341.164881,18195.82272,8.8,9.267960979,0,171.0633898,0,180.3313507,0.1,0.25,0.65,6024.174636,3908.437848,-3728.106497,-1934.018135,-3728.106497
101710,44,M,College,Single,Less than $40k,0,4/30/2024,41,15000,0.815486018,712,2,1,1,0,11009.06124,22555.54303,9,12.23229027,0,225.7774976,0,238.0097879,0.1,0.25,0.65,7950.988675,1926.814039,-1688.804251,-3622.822386,-1688.804251
101710,44,M,College,Single,Less than $40k,0,5/31/2024,42,15000,0.986855467,704,2,2,1,0,14802.83201,29167.01215,9.2,14.80283201,0,303.5814131,0,318.3842451,0.15,0.25,0.85,12582.40721,4631.41853,-4313.034285,-7935.856672,-4313.034285
101710,44,M,College,Single,Less than $40k,0,6/30/2024,43,15000,0.998162583,704,2,2,1,0,14972.43875,28530.15323,9.4,14.97243875,0,307.0597646,0,322.0322034,0.15,0.25,0.85,12726.57293,144.1657291,177.8664743,-7757.990197,177.8664743
101710,44,M,College,Single,Less than $40k,0,7/31/2024,44,15000,0.989886289,704,2,2,1,0,14848.29433,27305.79199,9.6,14.84829433,0,304.5137696,0,319.3620639,0.15,0.25,0.85,12621.05018,-105.5227516,424.8848155,-7333.105382,424.8848155
101710,44,M,College,Single,Less than $40k,0,8/31/2024,45,15000,0.983352866,704,2,2,1,0,14750.29298,26133.71689,9.8,14.75029298,0,302.5039253,0,317.2542183,0.15,0.25,0.85,12537.74904,-83.30114591,400.5553642,-6932.550018,400.5553642
101710,44,M,College,Single,Less than $40k,0,9/30/2024,46,15000,0.996174549,704,2,2,1,0,14942.61824,25542.29499,10,14.94261824,0,306.4481957,0,321.3908139,0.15,0.25,0.85,12701.2255,163.4764643,157.9143496,-6774.635668,157.9143496
101710,44,M,College,Single,Less than $40k,0,10/31/2024,47,15000,0.996865679,704,2,2,1,0,14952.98518,24586.95647,10.2,14.95298518,0,306.6608044,0,321.6137896,0.15,0.25,0.85,12710.0374,8.811902834,312.8018868,-6461.833781,312.8018868
101711,40,M,College,Single,$120k+,189000,12/31/2020,1,15500,0.29565234,757,0,0,1,0,0,38668.10505,0.057738539,91.65222529,0,0,0,91.65222529,0,0,0.05,229.1305632,229.1305632,-137.4783379,-137.4783379,-137.4783379
101711,41,M,College,Single,$120k+,189000,1/31/2021,2,15500,0.310775945,756,0,0,1,0,0,37758.72305,0.057738539,96.34054289,0,0,0,96.34054289,0,0,0.05,240.8513572,11.72079399,84.6197489,-52.85858904,84.6197489
101711,41,M,College,Single,$120k+,189000,2/28/2021,3,15500,0.3457754,755,0,0,1,0,0,36849.34106,0.057738539,107.1903738,0,0,0,107.1903738,0,0,0.05,267.9759346,27.1245774,80.06579645,27.20720741,80.06579645
101711,41,M,College,Single,$120k+,189000,3/31/2021,4,15500,0.31937803,756,0,0,1,0,0,35939.95906,0.057738539,99.00718929,0,0,0,99.00718929,0,0,0.05,247.5179732,-20.4579614,119.4651507,146.6723581,119.4651507
101711,41,M,College,Single,$120k+,189000,4/30/2021,5,15500,0.331919892,755,0,0,1,0,0,35030.57706,0.057738539,102.8951666,0,0,0,102.8951666,0,0,0.05,257.2379165,9.71994329,93.17522331,239.8475814,93.17522331
101711,41,M,College,Single,$120k+,189000,5/31/2021,6,15500,0.314338504,756,0,0,1,0,0,34121.19507,0.057738539,97.44493626,0,0,0,97.44493626,0,0,0.05,243.6123406,-13.62557586,111.0705121,350.9180935,111.0705121
101711,41,M,College,Single,$120k+,189000,6/30/2021,7,15500,0.34525633,755,0,0,1,0,0,33211.81307,0.057738539,107.0294622,0,0,0,107.0294622,0,0,0.05,267.5736554,23.96131479,83.06814738,433.9862409,83.06814738
101711,41,M,College,Single,$120k+,189000,7/31/2021,8,15500,0.311383232,756,0,0,1,0,0,32302.43107,0.057738539,96.52880184,0,0,0,96.52880184,0,0,0.05,241.3220046,-26.25165083,122.7804527,556.7666936,122.7804527
101711,41,M,College,Single,$120k+,189000,8/31/2021,9,15500,0.34279497,755,0,0,1,0,0,31393.04908,0.057738539,106.2664408,0,0,0,106.2664408,0,0,0.05,265.6661019,24.34409735,81.92234343,638.689037,81.92234343
101711,41,M,College,Single,$120k+,189000,9/30/2021,10,15500,0.314013032,756,0,0,1,0,0,30483.66708,0.057738539,97.34403978,0,0,0,97.34403978,0,0,0.05,243.3600994,-22.30600251,119.6500423,758.3390793,119.6500423
101711,41,M,College,Single,$120k+,189000,10/31/2021,11,15500,0.316525391,756,0,0,1,0,0,29574.28508,0.057738539,98.12287112,0,0,0,98.12287112,0,0,0.05,245.3071778,1.947078348,96.17579277,854.5148721,96.17579277
101711,41,M,College,Single,$120k+,189000,11/30/2021,12,15500,0.312949204,756,0,0,1,0,0,28664.90308,0.057738539,97.01425309,0,0,100,197.0142531,0,0,0.05,242.5356327,-2.77154506,199.7857982,1054.30067,199.7857982
101711,41,M,College,Single,$120k+,189000,12/31/2021,13,15500,0.309439708,756,0,0,0,0,0,27755.52109,0.057738539,95.92630952,0,0,0,95.92630952,0,0,0.05,239.8157738,-2.719858935,98.64616845,1152.946839,98.64616845
101711,42,M,College,Single,$120k+,189000,1/31/2022,14,15500,0.313140789,756,0,0,0,0,0,26846.13909,0.057738539,97.07364468,0,0,0,97.07364468,0,0,0.05,242.6841117,2.868337898,94.20530678,1247.152145,94.20530678
101711,42,M,College,Single,$120k+,189000,2/28/2022,15,15500,0.296728943,757,0,0,0,0,0,25936.75709,0.057738539,91.98597234,0,0,0,91.98597234,0,0,0.05,229.9649308,-12.71918085,104.7051532,1351.857299,104.7051532
101711,42,M,College,Single,$120k+,189000,3/31/2022,16,15500,0.327708433,755,0,0,0,0,0,25027.3751,0.057738539,101.5896141,0,0,0,101.5896141,0,0,0.05,253.9740352,24.00910441,77.58050969,1429.437808,77.58050969
101711,42,M,College,Single,$120k+,189000,4/30/2022,17,15500,0.286124096,757,0,0,0,0,0,24117.9931,0.057738539,88.6984698,0,0,0,88.6984698,0,0,0.05,221.7461745,-32.22786074,120.9263305,1550.364139,120.9263305
101711,42,M,College,Single,$120k+,189000,5/31/2022,18,15500,0.292468707,757,0,0,0,0,0,23208.6111,0.057738539,90.66529918,0,0,0,90.66529918,0,0,0.05,226.663248,4.917073449,85.74822573,1636.112365,85.74822573
101711,42,M,College,Single,$120k+,189000,6/30/2022,19,15500,0.319819127,756,0,0,0,0,0,22299.22911,0.057738539,99.14392943,0,0,0,99.14392943,0,0,0.05,247.8598236,21.19657563,77.9473538,1714.059718,77.9473538
101711,42,M,College,Single,$120k+,189000,7/31/2022,20,15500,0.317811543,756,0,0,0,0,0,21389.84711,0.057738539,98.52157842,0,0,0,98.52157842,0,0,0.05,246.303946,-1.555877534,100.077456,1814.137174,100.077456
101711,42,M,College,Single,$120k+,189000,8/31/2022,21,15500,0.328444311,755,0,0,0,0,0,20480.46511,0.057738539,101.8177363,0,0,0,101.8177363,0,0,0.05,254.5443408,8.240394771,93.57734156,1907.714516,93.57734156
101711,42,M,College,Single,$120k+,189000,9/30/2022,22,15500,0.324524366,756,0,0,0,0,0,19571.08311,0.057738539,100.6025533,0,0,0,100.6025533,0,0,0.05,251.5063833,-3.037957547,103.6405109,2011.355027,103.6405109
101711,42,M,College,Single,$120k+,189000,10/31/2022,23,15500,0.342282113,755,0,0,0,0,0,18661.70112,0.057738539,106.107455,0,0,0,106.107455,0,0,0.05,265.2686376,13.76225428,92.34520074,2103.700228,92.34520074
101711,42,M,College,Single,$120k+,189000,11/30/2022,24,15500,0.294405244,757,0,0,0,0,0,17752.31912,0.057738539,91.26562576,0,0,100,191.2656258,0,0,0.05,228.1640644,-37.10457316,228.3701989,2332.070426,228.3701989
101711,42,M,College,Single,$120k+,189000,12/31/2022,25,15500,0.304550166,756,0,0,0,0,0,16842.93712,0.057738539,94.41055147,0,0,0,94.41055147,0,0,0.05,236.0263787,7.862314295,86.54823718,2418.618664,86.54823718
101711,43,M,College,Single,$120k+,189000,1/31/2023,26,15500,0.323088629,756,0,0,0,0,0,15933.55513,0.057738539,100.1574749,0,0,0,100.1574749,0,0,0.05,250.3936872,14.36730855,85.79016635,2504.40883,85.79016635
101711,43,M,College,Single,$120k+,189000,2/28/2023,27,15500,0.304351905,756,0,0,0,0,0,15024.17313,0.057738539,94.34909066,0,0,0,94.34909066,0,0,0.05,235.8727267,-14.52096058,108.8700512,2613.278881,108.8700512
101711,43,M,College,Single,$120k+,189000,3/31/2023,28,15500,0.319380445,756,0,0,0,0,0,14114.79113,0.057738539,99.00793789,0,0,0,99.00793789,0,0,0.05,247.5198447,11.64711808,87.36081981,2700.639701,87.36081981
101711,43,M,College,Single,$120k+,189000,4/30/2023,29,15500,0.288826884,757,0,0,0,0,0,13205.40913,0.057738539,89.53633411,0,0,0,89.53633411,0,0,0.05,223.8408353,-23.67900946,113.2153436,2813.855045,113.2153436
101711,43,M,College,Single,$120k+,189000,5/31/2023,30,15500,0.317659993,756,0,0,0,0,0,12296.02714,0.057738539,98.47459788,0,0,0,98.47459788,0,0,0.05,246.1864947,22.34565944,76.12893844,2889.983983,76.12893844
101711,43,M,College,Single,$120k+,189000,6/30/2023,31,15500,0.311817267,756,0,0,0,0,0,11386.64514,0.057738539,96.66335272,0,0,0,96.66335272,0,0,0.05,241.6583818,-4.528112914,101.1914656,2991.175449,101.1914656
101711,43,M,College,Single,$120k+,189000,7/31/2023,32,15500,0.344671576,755,0,0,0,0,0,10477.26314,0.057738539,106.8481885,0,0,0,106.8481885,0,0,0.05,267.1204712,25.46208944,81.38609905,3072.561548,81.38609905
101711,43,M,College,Single,$120k+,189000,8/31/2023,33,15500,0.295002836,757,0,0,0,0,0,9567.881147,0.057738539,91.45087912,0,0,0,91.45087912,0,0,0.05,228.6271978,-38.49327343,129.9441526,3202.5057,129.9441526
101711,43,M,College,Single,$120k+,189000,9/30/2023,34,15500,0.290582031,757,0,0,0,0,0,8658.49915,0.057738539,90.08042964,0,0,0,90.08042964,0,0,0.05,225.2010741,-3.426123712,93.50655335,3296.012254,93.50655335
101711,43,M,College,Single,$120k+,189000,10/31/2023,35,15500,0.331866514,755,0,0,0,0,0,7749.117153,0.057738539,102.8786192,0,0,0,102.8786192,0,0,0.05,257.196548,31.99547395,70.88314527,3366.895399,70.88314527
101711,43,M,College,Single,$120k+,189000,11/30/2023,36,15500,0.300717049,756,0,0,0,0,0,6839.735156,0.057738539,93.22228534,0,0,100,193.2222853,0,0,0.05,233.0557134,-24.14083469,217.36312,3584.258519,217.36312
101711,43,M,College,Single,$120k+,189000,12/31/2023,37,15500,0.292637493,757,0,0,0,0,0,5930.353159,0.057738539,90.71762288,0,0,0,90.71762288,0,0,0.05,226.7940572,-6.261656149,96.97927903,3681.237798,96.97927903
101711,44,M,College,Single,Less than $40k,0,1/31/2024,38,15500,0.215022466,760,2,1,1,0,2999.563395,11929.47995,8.4,3.332848217,0,61.51604596,0,64.84889418,0.1,0.25,0.65,2166.351341,1939.557284,-1874.70839,1806.529408,-1874.70839
101711,44,M,College,Single,Less than $40k,0,2/29/2024,39,15500,0.213788561,760,2,1,1,0,2982.350426,10985.67201,8.6,3.313722695,0,61.16303664,0,64.47675934,0.1,0.25,0.65,2153.919752,-12.4315891,76.90834844,1883.437757,76.90834844
101711,44,M,College,Single,Less than $40k,0,3/31/2024,40,15500,0.613850378,728,2,1,1,0,8563.212777,21238.01472,8.8,9.514680864,0,175.617222,0,185.1319029,0.1,0.25,0.65,6184.542561,4030.62281,-3845.490907,-1962.05315,-3845.490907
101711,44,M,College,Single,Less than $40k,0,4/30/2024,41,15500,0.815768574,712,2,1,1,0,11379.97161,25962.15038,9,12.6444129,0,233.384251,0,246.0286639,0.1,0.25,0.65,8218.868382,2034.325821,-1788.297157,-3750.350307,-1788.297157
101711,44,M,College,Single,Less than $40k,0,5/31/2024,42,15500,0.98019774,704,2,2,1,0,15193.06496,32678.9551,9.2,15.19306496,0,311.5844407,0,326.7775056,0.15,0.25,0.85,12914.10522,4695.236838,-4368.459332,-8118.809639,-4368.459332
101711,44,M,College,Single,Less than $40k,0,6/30/2024,43,15500,0.997945197,704,2,2,1,0,15468.15055,32319.74427,9.4,15.46815055,0,317.2259875,0,332.6941381,0.15,0.25,0.85,13147.92797,233.822747,98.87139106,-8019.938248,98.87139106
101711,44,M,College,Single,Less than $40k,0,7/31/2024,44,15500,0.992795022,704,2,2,1,0,15388.32285,31250.70687,9.6,15.38832285,0,315.5888544,0,330.9771773,0.15,0.25,0.85,13080.07442,-67.85354619,398.8307234,-7621.107524,398.8307234
101711,44,M,College,Single,Less than $40k,0,8/31/2024,45,15500,0.986453659,704,2,2,1,0,15290.03171,30144.7426,9.8,15.29003171,0,313.5730669,0,328.8630987,0.15,0.25,0.85,12996.52695,-83.5474688,412.4105675,-7208.696957,412.4105675
101711,44,M,College,Single,Less than $40k,0,9/30/2024,46,15500,0.995685945,704,2,2,1,0,15433.13215,29521.56148,10,15.43313215,0,316.5078185,0,331.9409506,0.15,0.25,0.85,13118.16233,121.6353733,210.3055773,-6998.39138,210.3055773
101711,44,M,College,Single,Less than $40k,0,10/31/2024,47,15500,0.995051164,704,2,2,1,0,15423.29304,28592.50126,10.2,15.42329304,0,316.3060347,0,331.7293277,0.15,0.25,0.85,13109.79908,-8.363245172,340.0925729,-6658.298807,340.0925729
101712,40,M,College,Single,$120k+,189000,12/31/2020,1,14700,0.29936574,757,0,0,1,0,0,38650.4646,0.061003593,88.01352752,0,0,0,88.01352752,0,0,0.05,220.0338188,220.0338188,-132.0202913,-132.0202913,-132.0202913
101712,41,M,College,Single,$120k+,189000,1/31/2021,2,14700,0.313955708,756,0,0,1,0,0,37689.65801,0.061003593,92.30297821,0,0,0,92.30297821,0,0,0.05,230.7574455,10.72362672,81.57935148,-50.44093979,81.57935148
101712,41,M,College,Single,$120k+,189000,2/28/2021,3,14700,0.347350767,755,0,0,1,0,0,36728.85142,0.061003593,102.1211256,0,0,0,102.1211256,0,0,0.05,255.302814,24.54536846,77.57575713,27.13481734,77.57575713
101712,41,M,College,Single,$120k+,189000,3/31/2021,4,14700,0.329341586,755,0,0,1,0,0,35768.04484,0.061003593,96.82642642,0,0,0,96.82642642,0,0,0.05,242.066066,-13.23674794,110.0631744,137.1979917,110.0631744
101712,41,M,College,Single,$120k+,189000,4/30/2021,5,14700,0.317339931,756,0,0,1,0,0,34807.23825,0.061003593,93.29793981,0,0,0,93.29793981,0,0,0.05,233.2448495,-8.821216524,102.1191563,239.317148,102.1191563
101712,41,M,College,Single,$120k+,189000,5/31/2021,6,14700,0.310914813,756,0,0,1,0,0,33846.43166,0.061003593,91.40895508,0,0,0,91.40895508,0,0,0.05,228.5223877,-4.72246181,96.13141689,335.4485649,96.13141689
101712,41,M,College,Single,$120k+,189000,6/30/2021,7,14700,0.341707699,755,0,0,1,0,0,32885.62507,0.061003593,100.4620636,0,0,0,100.4620636,0,0,0.05,251.1551591,22.6327714,77.82929224,413.2778572,77.82929224
101712,41,M,College,Single,$120k+,189000,7/31/2021,8,14700,0.302423531,756,0,0,1,0,0,31924.81849,0.061003593,88.91251803,0,0,0,88.91251803,0,0,0.05,222.2812951,-28.87386402,117.7863821,531.0642392,117.7863821
101712,41,M,College,Single,$120k+,189000,8/31/2021,9,14700,0.307464445,756,0,0,1,0,0,30964.0119,0.061003593,90.3945469,0,0,0,90.3945469,0,0,0.05,225.9863673,3.705072179,86.68947473,617.7537139,86.68947473
101712,41,M,College,Single,$120k+,189000,9/30/2021,10,14700,0.304180618,756,0,0,1,0,0,30003.20531,0.061003593,89.42910158,0,0,0,89.42910158,0,0,0.05,223.572754,-2.413613305,91.84271489,709.5964288,91.84271489
101712,41,M,College,Single,$120k+,189000,10/31/2021,11,14700,0.281002139,757,0,0,1,0,0,29042.39872,0.061003593,82.61462879,0,0,0,82.61462879,0,0,0.05,206.536572,-17.03618197,99.65081076,809.2472396,99.65081076
101712,41,M,College,Single,$120k+,189000,11/30/2021,12,14700,0.338725964,755,0,0,1,0,0,28081.59213,0.061003593,99.58543331,0,0,100,199.5854333,0,0,0.05,248.9635833,42.42701129,157.158422,966.4056616,157.158422
101712,41,M,College,Single,$120k+,189000,12/31/2021,13,14700,0.348667084,755,0,0,0,0,0,27120.78555,0.061003593,102.5081227,0,0,0,102.5081227,0,0,0.05,256.2703068,7.306723481,95.20139922,1061.607061,95.20139922
101712,42,M,College,Single,$120k+,189000,1/31/2022,14,14700,0.314866681,756,0,0,0,0,0,26159.97896,0.061003593,92.57080414,0,0,0,92.57080414,0,0,0.05,231.4270104,-24.8432964,117.4141005,1179.021161,117.4141005
101712,42,M,College,Single,$120k+,189000,2/28/2022,15,14700,0.290332831,757,0,0,0,0,0,25199.17237,0.061003593,85.35785241,0,0,0,85.35785241,0,0,0.05,213.394631,-18.03237933,103.3902317,1282.411393,103.3902317
101712,42,M,College,Single,$120k+,189000,3/31/2022,16,14700,0.331111407,755,0,0,0,0,0,24238.36578,0.061003593,97.34675358,0,0,0,97.34675358,0,0,0.05,243.366884,29.97225293,67.37450065,1349.785894,67.37450065
101712,42,M,College,Single,$120k+,189000,4/30/2022,17,14700,0.31657753,756,0,0,0,0,0,23277.5592,0.061003593,93.07379369,0,0,0,93.07379369,0,0,0.05,232.6844842,-10.68239974,103.7561934,1453.542087,103.7561934
101712,42,M,College,Single,$120k+,189000,5/31/2022,18,14700,0.280355531,757,0,0,0,0,0,22316.75261,0.061003593,82.42452606,0,0,0,82.42452606,0,0,0.05,206.0613151,-26.62316907,109.0476951,1562.589782,109.0476951
101712,42,M,College,Single,$120k+,189000,6/30/2022,19,14700,0.286074873,757,0,0,0,0,0,21355.94602,0.061003593,84.10601275,0,0,0,84.10601275,0,0,0.05,210.2650319,4.203716739,79.90229601,1642.492078,79.90229601
101712,42,M,College,Single,$120k+,189000,7/31/2022,20,14700,0.285214183,757,0,0,0,0,0,20395.13943,0.061003593,83.85296981,0,0,0,83.85296981,0,0,0.05,209.6324245,-0.632607366,84.48557717,1726.977656,84.48557717
101712,42,M,College,Single,$120k+,189000,8/31/2022,21,14700,0.323312022,756,0,0,0,0,0,19434.33284,0.061003593,95.05373447,0,0,0,95.05373447,0,0,0.05,237.6343362,28.00191166,67.05182281,1794.029478,67.05182281
101712,42,M,College,Single,$120k+,189000,9/30/2022,22,14700,0.339195444,755,0,0,0,0,0,18473.52626,0.061003593,99.72346059,0,0,0,99.72346059,0,0,0.05,249.3086515,11.67431528,88.0491453,1882.078624,88.0491453
101712,42,M,College,Single,$120k+,189000,10/31/2022,23,14700,0.330986506,755,0,0,0,0,0,17512.71967,0.061003593,97.31003288,0,0,0,97.31003288,0,0,0.05,243.2750822,-6.033569262,103.3436021,1985.422226,103.3436021
101712,42,M,College,Single,$120k+,189000,11/30/2022,24,14700,0.32377127,756,0,0,0,0,0,16551.91308,0.061003593,95.18875337,0,0,100,195.1887534,0,0,0.05,237.9718834,-5.303198769,200.4919521,2185.914178,200.4919521
101712,42,M,College,Single,$120k+,189000,12/31/2022,25,14700,0.347277042,755,0,0,0,0,0,15591.10649,0.061003593,102.0994503,0,0,0,102.0994503,0,0,0.05,255.2486258,17.27674238,84.82270795,2270.736886,84.82270795
101712,43,M,College,Single,$120k+,189000,1/31/2023,26,14700,0.322573957,756,0,0,0,0,0,14630.29991,0.061003593,94.8367435,0,0,0,94.8367435,0,0,0.05,237.0918588,-18.15676706,112.9935106,2383.730396,112.9935106
101712,43,M,College,Single,$120k+,189000,2/28/2023,27,14700,0.344358042,755,0,0,0,0,0,13669.49332,0.061003593,101.2412643,0,0,0,101.2412643,0,0,0.05,253.1031607,16.01130198,85.22996231,2468.960359,85.22996231
101712,43,M,College,Single,$120k+,189000,3/31/2023,28,14700,0.286866857,757,0,0,0,0,0,12708.68673,0.061003593,84.33885583,0,0,0,84.33885583,0,0,0.05,210.8471396,-42.25602115,126.594877,2595.555236,126.594877
101712,43,M,College,Single,$120k+,189000,4/30/2023,29,14700,0.340008883,755,0,0,0,0,0,11747.88014,0.061003593,99.96261152,0,0,0,99.96261152,0,0,0.05,249.9065288,39.05938922,60.9032223,2656.458458,60.9032223
101712,43,M,College,Single,$120k+,189000,5/31/2023,30,14700,0.348328332,755,0,0,0,0,0,10787.07356,0.061003593,102.4085295,0,0,0,102.4085295,0,0,0.05,256.0213238,6.114795012,96.29373451,2752.752193,96.29373451
101712,43,M,College,Single,$120k+,189000,6/30/2023,31,14700,0.312468931,756,0,0,0,0,0,9826.266967,0.061003593,91.86586575,0,0,0,91.86586575,0,0,0.05,229.6646644,-26.35665945,118.2225252,2870.974718,118.2225252
101712,43,M,College,Single,$120k+,189000,7/31/2023,32,14700,0.346110338,755,0,0,0,0,0,8865.46038,0.061003593,101.7564394,0,0,0,101.7564394,0,0,0.05,254.3910984,24.72643401,77.03000534,2948.004723,77.03000534
101712,43,M,College,Single,$120k+,189000,8/31/2023,33,14700,0.282941737,757,0,0,0,0,0,7904.653792,0.061003593,83.18487067,0,0,0,83.18487067,0,0,0.05,207.9621767,-46.42892169,129.6137924,3077.618515,129.6137924
101712,43,M,College,Single,$120k+,189000,9/30/2023,34,14700,0.314754226,756,0,0,0,0,0,6943.847204,0.061003593,92.53774256,0,0,0,92.53774256,0,0,0.05,231.3443564,23.38217972,69.15556284,3146.774078,69.15556284
101712,43,M,College,Single,$120k+,189000,10/31/2023,35,14700,0.293237847,757,0,0,0,0,0,5983.040616,0.061003593,86.21192714,0,0,0,86.21192714,0,0,0.05,215.5298179,-15.81453855,102.0264657,3248.800544,102.0264657
101712,43,M,College,Single,$120k+,189000,11/30/2023,36,14700,0.318289341,756,0,0,0,0,0,5022.234029,0.061003593,93.57706637,0,0,100,193.5770664,0,0,0.05,233.9426659,18.41284808,175.1642183,3423.964762,175.1642183
101712,43,M,College,Single,$120k+,189000,12/31/2023,37,14700,0.317432302,756,0,0,0,0,0,4061.427441,0.061003593,93.32509688,0,0,0,93.32509688,0,0,0.05,233.3127422,-0.629923736,93.95502062,3517.919783,93.95502062
101712,44,M,College,Single,Less than $40k,0,1/31/2024,38,14700,0.211879181,760,2,1,1,0,2803.161558,9667.750557,8.4,3.114623954,0,57.48817162,0,60.60279558,0.1,0.25,0.65,2024.50557,1791.192828,-1730.590032,1787.329751,-1730.590032
101712,44,M,College,Single,Less than $40k,0,2/29/2024,39,14700,0.21111718,760,2,1,1,0,2793.080296,8686.781445,8.6,3.103422551,0,57.28142173,0,60.38484428,0.1,0.25,0.65,2017.224658,-7.280911759,67.66575604,1854.995507,67.66575604
101712,44,M,College,Single,Less than $40k,0,3/31/2024,40,14700,0.61688476,728,2,1,1,0,8161.385378,18462.58502,8.8,9.068205975,0,167.3764118,0,176.4446178,0.1,0.25,0.65,5894.333884,3877.109226,-3700.664608,-1845.669101,-3700.664608
101712,44,M,College,Single,Less than $40k,0,4/30/2024,41,14700,0.816400755,712,2,1,1,0,10800.98199,22780.97166,9,12.0010911,0,221.510139,0,233.5112301,0.1,0.25,0.65,7800.709216,1906.375332,-1672.864102,-3518.533203,-1672.864102
101712,44,M,College,Single,Less than $40k,0,5/31/2024,42,14700,0.995080091,704,2,2,1,0,14627.67734,29473.55577,9.2,14.62767734,0,299.9892828,0,314.6169602,0.15,0.25,0.85,12433.52574,4632.816525,-4318.199565,-7836.732768,-4318.199565
101712,44,M,College,Single,Less than $40k,0,6/30/2024,43,14700,0.980289604,704,2,2,1,0,14410.25718,28077.90885,9.4,14.41025718,0,295.5303576,0,309.9406147,0.15,0.25,0.85,12248.7186,-184.8071414,494.7477562,-7341.985011,494.7477562
101712,44,M,College,Single,Less than $40k,0,7/31/2024,44,14700,0.982081872,704,2,2,1,0,14436.60352,27169.79495,9.6,14.43660352,0,296.0706771,0,310.5072807,0.15,0.25,0.85,12271.11299,22.39439069,288.11289,-7053.872121,288.11289
101712,44,M,College,Single,Less than $40k,0,8/31/2024,45,14700,0.990026126,704,2,2,1,0,14553.38405,26442.54943,9.8,14.55338405,0,298.4656513,0,313.0190353,0.15,0.25,0.85,12370.37644,99.26345442,213.7555809,-6840.116541,213.7555809
101712,44,M,College,Single,Less than $40k,0,9/30/2024,46,14700,0.994661083,704,2,2,1,0,14621.51792,25618.01057,10,14.62151792,0,299.8629633,0,314.4844812,0.15,0.25,0.85,12428.29023,57.91378439,256.5706968,-6583.545844,256.5706968
101712,44,M,College,Single,Less than $40k,0,10/31/2024,47,14700,0.999742072,704,2,2,1,0,14696.20847,24806.58508,10.2,14.69620847,0,301.3947419,0,316.0909504,0.15,0.25,0.85,12491.7772,63.48696675,252.6039837,-6330.94186,252.6039837
101713,40,M,College,Single,$120k+,189000,12/31/2020,1,16300,0.349235257,755,0,0,1,0,0,38601.7626,0.057182608,113.8506937,0,0,0,113.8506937,0,0,0.05,284.6267344,284.6267344,-170.7760406,-170.7760406,-170.7760406
101713,41,M,College,Single,$120k+,189000,1/31/2021,2,16300,0.347678989,755,0,0,1,0,0,37701.13653,0.057182608,113.3433505,0,0,0,113.3433505,0,0,0.05,283.3583762,-1.268358148,114.6117086,-56.16433198,114.6117086
101713,41,M,College,Single,$120k+,189000,2/28/2021,3,16300,0.311270585,756,0,0,1,0,0,36800.51046,0.057182608,101.4742106,0,0,0,101.4742106,0,0,0.05,253.6855266,-29.67284967,131.1470603,74.9827283,131.1470603
101713,41,M,College,Single,$120k+,189000,3/31/2021,4,16300,0.345319498,755,0,0,1,0,0,35899.88439,0.057182608,112.5741563,0,0,0,112.5741563,0,0,0.05,281.4353907,27.74986417,84.82429212,159.8070204,84.82429212
101713,41,M,College,Single,$120k+,189000,4/30/2021,5,16300,0.349267941,755,0,0,1,0,0,34999.25832,0.057182608,113.8613487,0,0,0,113.8613487,0,0,0.05,284.6533718,3.217981126,110.6433676,270.450388,110.6433676
101713,41,M,College,Single,$120k+,189000,5/31/2021,6,16300,0.298172035,757,0,0,1,0,0,34098.63225,0.057182608,97.2040834,0,0,0,97.2040834,0,0,0.05,243.0102085,-41.64316335,138.8472468,409.2976348,138.8472468
101713,41,M,College,Single,$120k+,189000,6/30/2021,7,16300,0.344293349,755,0,0,1,0,0,33198.00618,0.057182608,112.2396316,0,0,0,112.2396316,0,0,0.05,280.599079,37.58887053,74.65076108,483.9483959,74.65076108
101713,41,M,College,Single,$120k+,189000,7/31/2021,8,16300,0.309370654,756,0,0,1,0,0,32297.38011,0.057182608,100.8548331,0,0,0,100.8548331,0,0,0.05,252.1370828,-28.46199627,129.3168294,613.2652252,129.3168294
101713,41,M,College,Single,$120k+,189000,8/31/2021,9,16300,0.333554141,755,0,0,1,0,0,31396.75404,0.057182608,108.73865,0,0,0,108.73865,0,0,0.05,271.846625,19.70954227,89.02910774,702.294333,89.02910774
101713,41,M,College,Single,$120k+,189000,9/30/2021,10,16300,0.328366075,755,0,0,1,0,0,30496.12797,0.057182608,107.0473405,0,0,0,107.0473405,0,0,0.05,267.6183513,-4.22827374,111.2756143,813.5699472,111.2756143
101713,41,M,College,Single,$120k+,189000,10/31/2021,11,16300,0.289406697,757,0,0,1,0,0,29595.5019,0.057182608,94.3465832,0,0,0,94.3465832,0,0,0.05,235.866458,-31.75189328,126.0984765,939.6684237,126.0984765
101713,41,M,College,Single,$120k+,189000,11/30/2021,12,16300,0.30218154,756,0,0,1,0,0,28694.87583,0.057182608,98.51118196,0,0,100,198.511182,0,0,0.05,246.2779549,10.41149689,188.0996851,1127.768109,188.0996851
101713,41,M,College,Single,$120k+,189000,12/31/2021,13,16300,0.286412731,757,0,0,0,0,0,27794.24976,0.057182608,93.37055026,0,0,0,93.37055026,0,0,0.05,233.4263756,-12.85157925,106.2221295,1233.990238,106.2221295
101713,42,M,College,Single,$120k+,189000,1/31/2022,14,16300,0.289663007,757,0,0,0,0,0,26893.62369,0.057182608,94.43014014,0,0,0,94.43014014,0,0,0.05,236.0753504,2.648974715,91.78116543,1325.771404,91.78116543
101713,42,M,College,Single,$120k+,189000,2/28/2022,15,16300,0.316508273,756,0,0,0,0,0,25992.99762,0.057182608,103.1816969,0,0,0,103.1816969,0,0,0.05,257.9542423,21.87889196,81.30280497,1407.074209,81.30280497
101713,42,M,College,Single,$120k+,189000,3/31/2022,16,16300,0.316125254,756,0,0,0,0,0,25092.37155,0.057182608,103.0568328,0,0,0,103.0568328,0,0,0.05,257.6420819,-0.312160428,103.3689932,1510.443202,103.3689932
101713,42,M,College,Single,$120k+,189000,4/30/2022,17,16300,0.336415221,755,0,0,0,0,0,24191.74548,0.057182608,109.6713621,0,0,0,109.6713621,0,0,0.05,274.1784052,16.53632327,93.13503879,1603.578241,93.13503879
101713,42,M,College,Single,$120k+,189000,5/31/2022,18,16300,0.303375945,756,0,0,0,0,0,23291.11941,0.057182608,98.90055815,0,0,0,98.90055815,0,0,0.05,247.2513954,-26.92700978,125.8275679,1729.405809,125.8275679
101713,42,M,College,Single,$120k+,189000,6/30/2022,19,16300,0.323748457,756,0,0,0,0,0,22390.49333,0.057182608,105.541997,0,0,0,105.541997,0,0,0.05,263.8549926,16.60359721,88.93839982,1818.344208,88.93839982
101713,42,M,College,Single,$120k+,189000,7/31/2022,20,16300,0.295332547,757,0,0,0,0,0,21489.86726,0.057182608,96.27841029,0,0,0,96.27841029,0,0,0.05,240.6960257,-23.15896687,119.4373772,1937.781586,119.4373772
101713,42,M,College,Single,$120k+,189000,8/31/2022,21,16300,0.309521837,756,0,0,0,0,0,20589.24119,0.057182608,100.9041187,0,0,0,100.9041187,0,0,0.05,252.2602969,11.56427114,89.3398476,2027.121433,89.3398476
101713,42,M,College,Single,$120k+,189000,9/30/2022,22,16300,0.290544967,757,0,0,0,0,0,19688.61512,0.057182608,94.7176594,0,0,0,94.7176594,0,0,0.05,236.7941485,-15.46614835,110.1838078,2137.305241,110.1838078
101713,42,M,College,Single,$120k+,189000,10/31/2022,23,16300,0.292061901,757,0,0,0,0,0,18787.98905,0.057182608,95.21217982,0,0,0,95.21217982,0,0,0.05,238.0304496,1.236301046,93.97587877,2231.28112,93.97587877
101713,42,M,College,Single,$120k+,189000,11/30/2022,24,16300,0.324431973,756,0,0,0,0,0,17887.36298,0.057182608,105.7648233,0,0,100,205.7648233,0,0,0.05,264.4120582,26.38160865,179.3832146,2410.664334,179.3832146
101713,42,M,College,Single,$120k+,189000,12/31/2022,25,16300,0.335740629,755,0,0,0,0,0,16986.73691,0.057182608,109.4514451,0,0,0,109.4514451,0,0,0.05,273.6286128,9.216554604,100.2348905,2510.899225,100.2348905
101713,43,M,College,Single,$120k+,189000,1/31/2023,26,16300,0.342758532,755,0,0,0,0,0,16086.11084,0.057182608,111.7392814,0,0,0,111.7392814,0,0,0.05,279.3482036,5.719590825,106.0196906,2616.918915,106.0196906
101713,43,M,College,Single,$120k+,189000,2/28/2023,27,16300,0.304552336,756,0,0,0,0,0,15185.48477,0.057182608,99.28406164,0,0,0,99.28406164,0,0,0.05,248.2101541,-31.13804952,130.4221112,2747.341027,130.4221112
101713,43,M,College,Single,$120k+,189000,3/31/2023,28,16300,0.307748052,756,0,0,0,0,0,14284.8587,0.057182608,100.3258648,0,0,0,100.3258648,0,0,0.05,250.814662,2.604507892,97.72135691,2845.062384,97.72135691
101713,43,M,College,Single,$120k+,189000,4/30/2023,29,16300,0.295581276,757,0,0,0,0,0,13384.23263,0.057182608,96.35949587,0,0,0,96.35949587,0,0,0.05,240.8987397,-9.91592231,106.2754182,2951.337802,106.2754182
101713,43,M,College,Single,$120k+,189000,5/31/2023,30,16300,0.325055602,755,0,0,0,0,0,12483.60656,0.057182608,105.9681262,0,0,0,105.9681262,0,0,0.05,264.9203155,24.02157582,81.94655038,3033.284352,81.94655038
101713,43,M,College,Single,$120k+,189000,6/30/2023,31,16300,0.308587434,756,0,0,0,0,0,11582.98049,0.057182608,100.5995034,0,0,0,100.5995034,0,0,0.05,251.4987585,-13.42155697,114.0210604,3147.305412,114.0210604
101713,43,M,College,Single,$120k+,189000,7/31/2023,32,16300,0.286688387,757,0,0,0,0,0,10682.35442,0.057182608,93.46041401,0,0,0,93.46041401,0,0,0.05,233.651035,-17.84772352,111.3081375,3258.61355,111.3081375
101713,43,M,College,Single,$120k+,189000,8/31/2023,33,16300,0.311770596,756,0,0,0,0,0,9781.728349,0.057182608,101.6372144,0,0,0,101.6372144,0,0,0.05,254.093036,20.44200093,81.19521345,3339.808763,81.19521345
101713,43,M,College,Single,$120k+,189000,9/30/2023,34,16300,0.288491987,757,0,0,0,0,0,8881.102278,0.057182608,94.04838775,0,0,0,94.04838775,0,0,0.05,235.1209694,-18.97206658,113.0204543,3452.829218,113.0204543
101713,43,M,College,Single,$120k+,189000,10/31/2023,35,16300,0.31086752,756,0,0,0,0,0,7980.476208,0.057182608,101.3428116,0,0,0,101.3428116,0,0,0.05,253.3570289,18.23605954,83.10675203,3535.93597,83.10675203
101713,43,M,College,Single,$120k+,189000,11/30/2023,36,16300,0.304232102,756,0,0,0,0,0,7079.850137,0.057182608,99.17966531,0,0,100,199.1796653,0,0,0.05,247.9491633,-5.407865637,204.5875309,3740.523501,204.5875309
101713,43,M,College,Single,$120k+,189000,12/31/2023,37,16300,0.331069021,755,0,0,0,0,0,6179.224067,0.057182608,107.9285007,0,0,0,107.9285007,0,0,0.05,269.8212518,21.87208856,86.05641217,3826.579913,86.05641217
101713,44,M,College,Single,Less than $40k,0,1/31/2024,38,16300,0.219578223,760,2,1,1,0,3221.212529,12621.64912,8.4,3.579125032,0,66.06170028,0,69.64082531,0.1,0.25,0.65,2326.431271,2056.610019,-1986.969194,1839.610719,-1986.969194
101713,44,M,College,Single,Less than $40k,0,2/29/2024,39,16300,0.217114638,760,2,1,1,0,3185.071739,11648.74147,8.6,3.538968599,0,65.32051291,0,68.85948151,0.1,0.25,0.65,2300.329589,-26.10168168,94.96116318,1934.571883,94.96116318
101713,44,M,College,Single,Less than $40k,0,3/31/2024,40,16300,0.613356186,728,2,1,1,0,8997.935255,22373.84244,8.8,9.997705839,0,184.5326555,0,194.5303614,0.1,0.25,0.65,6498.508796,4198.179207,-4003.648845,-2069.076963,-4003.648845
101713,44,M,College,Single,Less than $40k,0,4/30/2024,41,16300,0.810290091,712,2,1,1,0,11886.95564,27251.25714,9,13.20772849,0,243.7816486,0,256.9893771,0.1,0.25,0.65,8585.023519,2086.514723,-1829.525346,-3898.602309,-1829.525346
101713,44,M,College,Single,Less than $40k,0,5/31/2024,42,16300,0.981833085,704,2,2,1,0,16003.87928,34584.47835,9.2,16.00387928,0,328.2128909,0,344.2167702,0.15,0.25,0.85,13603.29739,5018.27387,-4674.0571,-8572.659409,-4674.0571
101713,44,M,College,Single,Less than $40k,0,6/30/2024,43,16300,0.992986655,704,2,2,1,0,16185.68248,34047.45868,9.4,16.18568248,0,331.9413716,0,348.1270541,0.15,0.25,0.85,13757.83011,154.5327227,193.5943314,-8379.065077,193.5943314
101713,44,M,College,Single,Less than $40k,0,7/31/2024,44,16300,0.993963446,704,2,2,1,0,16201.60417,33178.67598,9.6,16.20160417,0,332.2678988,0,348.469503,0.15,0.25,0.85,13771.36354,13.53343095,334.936072,-8044.129005,334.936072
101713,44,M,College,Single,Less than $40k,0,8/31/2024,45,16300,0.991057941,704,2,2,1,0,16154.24444,32183.33045,9.8,16.15424444,0,331.2966297,0,347.4508741,0.15,0.25,0.85,13731.10777,-40.2557693,387.7066434,-7656.422362,387.7066434
101713,44,M,College,Single,Less than $40k,0,9/30/2024,46,16300,0.985533017,704,2,2,1,0,16064.18818,31102.59187,10,16.06418818,0,329.449726,0,345.5139142,0.15,0.25,0.85,13654.55995,-76.54781842,422.0617326,-7234.360629,422.0617326
101713,44,M,College,Single,Less than $40k,0,10/31/2024,47,16300,0.98896183,704,2,2,1,0,16120.07783,30313.74509,10.2,16.12007783,0,330.5959294,0,346.7160073,0.15,0.25,0.85,13702.06615,47.50619864,299.2098086,-6935.150821,299.2098086
101714,40,M,College,Single,$120k+,189000,12/31/2020,1,15600,0.334649015,755,0,0,1,0,0,38677.99004,0.062873643,104.4104927,0,0,0,104.4104927,0,0,0.05,261.0262318,261.0262318,-156.6157391,-156.6157391,-156.6157391
101714,41,M,College,Single,$120k+,189000,1/31/2021,2,15600,0.286437846,757,0,0,1,0,0,37687.73017,0.062873643,89.36860788,0,0,0,89.36860788,0,0,0.05,223.4215197,-37.60471215,126.97332,-29.64241908,126.97332
101714,41,M,College,Single,$120k+,189000,2/28/2021,3,15600,0.301366037,756,0,0,1,0,0,36697.47029,0.062873643,94.02620362,0,0,0,94.02620362,0,0,0.05,235.065509,11.64398935,82.38221426,52.73979518,82.38221426
101714,41,M,College,Single,$120k+,189000,3/31/2021,4,15600,0.319518222,756,0,0,1,0,0,35707.21042,0.062873643,99.68968525,0,0,0,99.68968525,0,0,0.05,249.2242131,14.15870409,85.53098116,138.2707763,85.53098116
101714,41,M,College,Single,$120k+,189000,4/30/2021,5,15600,0.345685749,755,0,0,1,0,0,34716.95055,0.062873643,107.8539538,0,0,0,107.8539538,0,0,0.05,269.6348845,20.41067142,87.4432824,225.7140588,87.4432824
101714,41,M,College,Single,$120k+,189000,5/31/2021,6,15600,0.291319216,757,0,0,1,0,0,33726.69067,0.062873643,90.89159549,0,0,0,90.89159549,0,0,0.05,227.2289887,-42.40589583,133.2974913,359.0115501,133.2974913
101714,41,M,College,Single,$120k+,189000,6/30/2021,7,15600,0.306446903,756,0,0,1,0,0,32736.4308,0.062873643,95.61143383,0,0,0,95.61143383,0,0,0.05,239.0285846,11.79959585,83.81183798,442.823388,83.81183798
101714,41,M,College,Single,$120k+,189000,7/31/2021,8,15600,0.333580093,755,0,0,1,0,0,31746.17092,0.062873643,104.076989,0,0,0,104.076989,0,0,0.05,260.1924725,21.16388795,82.91310106,525.7364891,82.91310106
101714,41,M,College,Single,$120k+,189000,8/31/2021,9,15600,0.317586925,756,0,0,1,0,0,30755.91105,0.062873643,99.08712052,0,0,0,99.08712052,0,0,0.05,247.7178013,-12.47467122,111.5617917,637.2982808,111.5617917
101714,41,M,College,Single,$120k+,189000,9/30/2021,10,15600,0.316695959,756,0,0,1,0,0,29765.65118,0.062873643,98.8091391,0,0,0,98.8091391,0,0,0.05,247.0228477,-0.694953541,99.50409264,736.8023735,99.50409264
101714,41,M,College,Single,$120k+,189000,10/31/2021,11,15600,0.317245675,756,0,0,1,0,0,28775.3913,0.062873643,98.98065047,0,0,0,98.98065047,0,0,0.05,247.4516262,0.428778421,98.55187205,835.3542455,98.55187205
101714,41,M,College,Single,$120k+,189000,11/30/2021,12,15600,0.340493341,755,0,0,1,0,0,27785.13143,0.062873643,106.2339224,0,0,100,206.2339224,0,0,0.05,265.584806,18.1331798,188.1007426,1023.454988,188.1007426
101714,41,M,College,Single,$120k+,189000,12/31/2021,13,15600,0.342094072,755,0,0,0,0,0,26794.87156,0.062873643,106.7333506,0,0,0,106.7333506,0,0,0.05,266.8333765,1.24857056,105.4847801,1128.939768,105.4847801
101714,42,M,College,Single,$120k+,189000,1/31/2022,14,15600,0.286315328,757,0,0,0,0,0,25804.61168,0.062873643,89.33038225,0,0,0,89.33038225,0,0,0.05,223.3259556,-43.50742091,132.8378032,1261.777571,132.8378032
101714,42,M,College,Single,$120k+,189000,2/28/2022,15,15600,0.281488312,757,0,0,0,0,0,24814.35181,0.062873643,87.82435338,0,0,0,87.82435338,0,0,0.05,219.5608834,-3.765072173,91.58942555,1353.366997,91.58942555
101714,42,M,College,Single,$120k+,189000,3/31/2022,16,15600,0.319625129,756,0,0,0,0,0,23824.09193,0.062873643,99.72304024,0,0,0,99.72304024,0,0,0.05,249.3076006,29.74671716,69.97632308,1423.34332,69.97632308
101714,42,M,College,Single,$120k+,189000,4/30/2022,17,15600,0.341600649,755,0,0,0,0,0,22833.83206,0.062873643,106.5794025,0,0,0,106.5794025,0,0,0.05,266.4485062,17.14090563,89.43849686,1512.781817,89.43849686
101714,42,M,College,Single,$120k+,189000,5/31/2022,18,15600,0.319270134,756,0,0,0,0,0,21843.57219,0.062873643,99.6122817,0,0,0,99.6122817,0,0,0.05,249.0307043,-17.41780197,117.0300837,1629.811901,117.0300837
101714,42,M,College,Single,$120k+,189000,6/30/2022,19,15600,0.318543673,756,0,0,0,0,0,20853.31231,0.062873643,99.385626,0,0,0,99.385626,0,0,0.05,248.464065,-0.566639266,99.95226526,1729.764166,99.95226526
101714,42,M,College,Single,$120k+,189000,7/31/2022,20,15600,0.308197967,756,0,0,0,0,0,19863.05244,0.062873643,96.15776562,0,0,0,96.15776562,0,0,0.05,240.3944141,-8.069650929,104.2274166,1833.991582,104.2274166
101714,42,M,College,Single,$120k+,189000,8/31/2022,21,15600,0.349327148,755,0,0,0,0,0,18872.79256,0.062873643,108.99007,0,0,0,108.99007,0,0,0.05,272.4751751,32.08076103,76.909309,1910.900891,76.909309
101714,42,M,College,Single,$120k+,189000,9/30/2022,22,15600,0.348370621,755,0,0,0,0,0,17882.53269,0.062873643,108.6916337,0,0,0,108.6916337,0,0,0.05,271.7290844,-0.746090721,109.4377245,2020.338616,109.4377245
101714,42,M,College,Single,$120k+,189000,10/31/2022,23,15600,0.304402582,756,0,0,0,0,0,16892.27282,0.062873643,94.97360549,0,0,0,94.97360549,0,0,0.05,237.4340137,-34.29507065,129.2686761,2149.607292,129.2686761
101714,42,M,College,Single,$120k+,189000,11/30/2022,24,15600,0.324554978,756,0,0,0,0,0,15902.01294,0.062873643,101.261153,0,0,100,201.261153,0,0,0.05,253.1528826,15.71886885,185.5422842,2335.149576,185.5422842
101714,42,M,College,Single,$120k+,189000,12/31/2022,25,15600,0.329400552,755,0,0,0,0,0,14911.75307,0.062873643,102.7729721,0,0,0,102.7729721,0,0,0.05,256.9324302,3.779547611,98.99342446,2434.143001,98.99342446
101714,43,M,College,Single,$120k+,189000,1/31/2023,26,15600,0.283985919,757,0,0,0,0,0,13921.4932,0.062873643,88.6036068,0,0,0,88.6036068,0,0,0.05,221.509017,-35.42341319,124.02702,2558.170021,124.02702
101714,43,M,College,Single,$120k+,189000,2/28/2023,27,15600,0.311057051,756,0,0,0,0,0,12931.23332,0.062873643,97.04980004,0,0,0,97.04980004,0,0,0.05,242.6245001,21.11548312,75.93431692,2634.104337,75.93431692
101714,43,M,College,Single,$120k+,189000,3/31/2023,28,15600,0.286116674,757,0,0,0,0,0,11940.97345,0.062873643,89.26840225,0,0,0,89.26840225,0,0,0.05,223.1710056,-19.45349447,108.7218967,2742.826234,108.7218967
101714,43,M,College,Single,$120k+,189000,4/30/2023,29,15600,0.293506398,757,0,0,0,0,0,10950.71357,0.062873643,91.57399605,0,0,0,91.57399605,0,0,0.05,228.9349901,5.763984487,85.81001156,2828.636246,85.81001156
101714,43,M,College,Single,$120k+,189000,5/31/2023,30,15600,0.334767778,755,0,0,0,0,0,9960.453701,0.062873643,104.4475467,0,0,0,104.4475467,0,0,0.05,261.1188669,32.18387673,72.26367001,2900.899916,72.26367001
101714,43,M,College,Single,$120k+,189000,6/30/2023,31,15600,0.311452179,756,0,0,0,0,0,8970.193827,0.062873643,97.17307981,0,0,0,97.17307981,0,0,0.05,242.9326995,-18.18616732,115.3592471,3016.259163,115.3592471
101714,43,M,College,Single,$120k+,189000,7/31/2023,32,15600,0.283522677,757,0,0,0,0,0,7979.933953,0.062873643,88.45907516,0,0,0,88.45907516,0,0,0.05,221.1476879,-21.78501162,110.2440868,3126.50325,110.2440868
101714,43,M,College,Single,$120k+,189000,8/31/2023,33,15600,0.344590422,755,0,0,0,0,0,6989.67408,0.062873643,107.5122116,0,0,0,107.5122116,0,0,0.05,268.780529,47.63284109,59.87937051,3186.38262,59.87937051
101714,43,M,College,Single,$120k+,189000,9/30/2023,34,15600,0.345341475,755,0,0,0,0,0,5999.414206,0.062873643,107.7465402,0,0,0,107.7465402,0,0,0.05,269.3663506,0.585821548,107.1607187,3293.543339,107.1607187
101714,43,M,College,Single,$120k+,189000,10/31/2023,35,15600,0.339277924,755,0,0,0,0,0,5009.154332,0.062873643,105.8547122,0,0,0,105.8547122,0,0,0.05,264.6367805,-4.729570038,110.5842822,3404.127621,110.5842822
101714,43,M,College,Single,$120k+,189000,11/30/2023,36,15600,0.281780544,757,0,0,0,0,0,4018.894458,0.062873643,87.91552978,0,0,100,187.9155298,0,0,0.05,219.7888245,-44.84795606,232.7634858,3636.891107,232.7634858
101714,43,M,College,Single,$120k+,189000,12/31/2023,37,15600,0.297843905,757,0,0,0,0,0,3028.634585,0.062873643,92.92729842,0,0,0,92.92729842,0,0,0.05,232.318246,12.52942159,80.39787683,3717.288984,80.39787683
101714,44,M,College,Single,Less than $40k,0,1/31/2024,38,15600,0.213271428,760,2,1,1,0,2994.33085,9017.296285,8.4,3.327034278,0,61.40873519,0,64.73576947,0.1,0.25,0.65,2162.572281,1930.254035,-1865.518265,1851.770719,-1865.518265
101714,44,M,College,Single,Less than $40k,0,2/29/2024,39,15600,0.217617861,760,2,1,1,0,3055.354775,8149.084261,8.6,3.394838639,0,62.66023418,0,66.05507282,0.1,0.25,0.65,2206.645115,44.07283455,21.98223827,1873.752957,21.98223827
101714,44,M,College,Single,Less than $40k,0,3/31/2024,40,15600,0.619996767,728,2,1,1,0,8704.754612,18457.62406,8.8,9.671949569,0,178.5200092,0,188.1919587,0.1,0.25,0.65,6286.76722,4080.122105,-3891.930146,-2018.177189,-3891.930146
101714,44,M,College,Single,Less than $40k,0,4/30/2024,41,15600,0.815057138,712,2,1,1,0,11443.40221,22944.65939,9,12.71489135,0,234.685107,0,247.3999984,0.1,0.25,0.65,8264.679375,1977.912155,-1730.512157,-3748.689346,-1730.512157
101714,44,M,College,Single,Less than $40k,0,5/31/2024,42,15600,0.984754873,704,2,2,1,0,15362.17602,29791.94713,9.2,15.36217602,0,315.0526265,0,330.4148026,0.15,0.25,0.85,13057.84962,4793.170242,-4462.755439,-8211.444785,-4462.755439
101714,44,M,College,Single,Less than $40k,0,6/30/2024,43,15600,0.993943856,704,2,2,1,0,15505.52415,29088.38351,9.4,15.50552415,0,317.9924577,0,333.4979819,0.15,0.25,0.85,13179.69553,121.8459091,211.6520727,-7999.792712,211.6520727
101714,44,M,College,Single,Less than $40k,0,7/31/2024,44,15600,0.994117633,704,2,2,1,0,15508.23507,28103.54548,9.6,15.50823507,0,318.0480542,0,333.5562892,0.15,0.25,0.85,13181.99981,2.304281348,331.2520079,-7668.540705,331.2520079
101714,44,M,College,Single,Less than $40k,0,8/31/2024,45,15600,0.993116152,704,2,2,1,0,15492.61197,27082.0394,9.8,15.49261197,0,317.7276504,0,333.2202624,0.15,0.25,0.85,13168.72017,-13.27963548,346.4998979,-7322.040807,346.4998979
101714,44,M,College,Single,Less than $40k,0,9/30/2024,46,15600,0.98732452,704,2,2,1,0,15402.26251,25911.08062,10,15.40226251,0,315.8747337,0,331.2769962,0.15,0.25,0.85,13091.92314,-76.79703554,408.0740318,-6913.966775,408.0740318
101714,44,M,College,Single,Less than $40k,0,10/31/2024,47,15600,0.987929888,704,2,2,1,0,15411.70625,24939.70822,10.2,15.41170625,0,316.068409,0,331.4801152,0.15,0.25,0.85,13099.95031,8.027173996,323.4529412,-6590.513834,323.4529412
101715,40,M,College,Single,$120k+,189000,12/31/2020,1,16200,0.323695422,756,0,0,1,0,0,38633.26939,0.062187462,104.8773166,0,0,0,104.8773166,0,0,0.05,262.1932915,262.1932915,-157.3159749,-157.3159749,-157.3159749
101715,41,M,College,Single,$120k+,189000,1/31/2021,2,16200,0.315742768,756,0,0,1,0,0,37653.81685,0.062187462,102.3006568,0,0,0,102.3006568,0,0,0.05,255.7516421,-6.441649451,108.7423063,-48.57366863,108.7423063
101715,41,M,College,Single,$120k+,189000,2/28/2021,3,16200,0.33028308,755,0,0,1,0,0,36674.36432,0.062187462,107.0117179,0,0,0,107.0117179,0,0,0.05,267.5292946,11.77765257,95.23406528,46.66039665,95.23406528
101715,41,M,College,Single,$120k+,189000,3/31/2021,4,16200,0.327031375,755,0,0,1,0,0,35694.91179,0.062187462,105.9581655,0,0,0,105.9581655,0,0,0.05,264.8954137,-2.63388093,108.5920464,155.2524431,108.5920464
101715,41,M,College,Single,$120k+,189000,4/30/2021,5,16200,0.306726691,756,0,0,1,0,0,34715.45925,0.062187462,99.37944789,0,0,0,99.37944789,0,0,0.05,248.4486197,-16.44679396,115.8262419,271.0786849,115.8262419
101715,41,M,College,Single,$120k+,189000,5/31/2021,6,16200,0.289928967,757,0,0,1,0,0,33736.00672,0.062187462,93.93698519,0,0,0,93.93698519,0,0,0.05,234.842463,-13.60615677,107.543142,378.6218269,107.543142
101715,41,M,College,Single,$120k+,189000,6/30/2021,7,16200,0.333641214,755,0,0,1,0,0,32756.55419,0.062187462,108.0997534,0,0,0,108.0997534,0,0,0.05,270.2493836,35.40692061,72.69283282,451.3146597,72.69283282
101715,41,M,College,Single,$120k+,189000,7/31/2021,8,16200,0.311389084,756,0,0,1,0,0,31777.10165,0.062187462,100.8900631,0,0,0,100.8900631,0,0,0.05,252.2251579,-18.02422571,118.9142889,570.2289485,118.9142889
101715,41,M,College,Single,$120k+,189000,8/31/2021,9,16200,0.307467425,756,0,0,1,0,0,30797.64912,0.062187462,99.6194456,0,0,0,99.6194456,0,0,0.05,249.048614,-3.176543858,102.7959895,673.024938,102.7959895
101715,41,M,College,Single,$120k+,189000,9/30/2021,10,16200,0.319455765,756,0,0,1,0,0,29818.19659,0.062187462,103.5036677,0,0,0,103.5036677,0,0,0.05,258.7591694,9.710555363,93.79311239,766.8180504,93.79311239
101715,41,M,College,Single,$120k+,189000,10/31/2021,11,16200,0.287320715,757,0,0,1,0,0,28838.74405,0.062187462,93.09191179,0,0,0,93.09191179,0,0,0.05,232.7297795,-26.02938989,119.1213017,885.9393521,119.1213017
101715,41,M,College,Single,$120k+,189000,11/30/2021,12,16200,0.345079643,755,0,0,1,0,0,27859.29152,0.062187462,111.8058045,0,0,100,211.8058045,0,0,0.05,279.5145112,46.78473168,165.0210728,1050.960425,165.0210728
101715,41,M,College,Single,$120k+,189000,12/31/2021,13,16200,0.31013832,756,0,0,0,0,0,26879.83899,0.062187462,100.4848158,0,0,0,100.4848158,0,0,0.05,251.2120394,-28.30247177,128.7872875,1179.747712,128.7872875
101715,42,M,College,Single,$120k+,189000,1/31/2022,14,16200,0.330852295,755,0,0,0,0,0,25900.38645,0.062187462,107.1961434,0,0,0,107.1961434,0,0,0.05,267.9903586,16.77831923,90.41782422,1270.165537,90.41782422
101715,42,M,College,Single,$120k+,189000,2/28/2022,15,16200,0.315467269,756,0,0,0,0,0,24920.93392,0.062187462,102.2113952,0,0,0,102.2113952,0,0,0.05,255.5284879,-12.46187068,114.6732659,1384.838802,114.6732659
101715,42,M,College,Single,$120k+,189000,3/31/2022,16,16200,0.300981794,756,0,0,0,0,0,23941.48139,0.062187462,97.51810134,0,0,0,97.51810134,0,0,0.05,243.7952534,-11.73323459,109.2513359,1494.090138,109.2513359
101715,42,M,College,Single,$120k+,189000,4/30/2022,17,16200,0.312679582,756,0,0,0,0,0,22962.02885,0.062187462,101.3081846,0,0,0,101.3081846,0,0,0.05,253.2704614,9.475208042,91.83297652,1585.923115,91.83297652
101715,42,M,College,Single,$120k+,189000,5/31/2022,18,16200,0.345096318,755,0,0,0,0,0,21982.57632,0.062187462,111.811207,0,0,0,111.811207,0,0,0.05,279.5280175,26.2575561,85.5536509,1671.476766,85.5536509
101715,42,M,College,Single,$120k+,189000,6/30/2022,19,16200,0.331954806,755,0,0,0,0,0,21003.12379,0.062187462,107.5533572,0,0,0,107.5533572,0,0,0.05,268.8833931,-10.6446244,118.1979816,1789.674747,118.1979816
101715,42,M,College,Single,$120k+,189000,7/31/2022,20,16200,0.318168146,756,0,0,0,0,0,20023.67125,0.062187462,103.0864793,0,0,0,103.0864793,0,0,0.05,257.7161984,-11.16719473,114.2536741,1903.928422,114.2536741
101715,42,M,College,Single,$120k+,189000,8/31/2022,21,16200,0.328243701,755,0,0,0,0,0,19044.21872,0.062187462,106.3509592,0,0,0,106.3509592,0,0,0.05,265.877398,8.161199633,98.18975957,2002.118181,98.18975957
101715,42,M,College,Single,$120k+,189000,9/30/2022,22,16200,0.345022223,755,0,0,0,0,0,18064.76619,0.062187462,111.7872003,0,0,0,111.7872003,0,0,0.05,279.4680006,13.59060263,98.19659762,2100.314779,98.19659762
101715,42,M,College,Single,$120k+,189000,10/31/2022,23,16200,0.341875608,755,0,0,0,0,0,17085.31365,0.062187462,110.767697,0,0,0,110.767697,0,0,0.05,276.9192425,-2.548758124,113.3164551,2213.631234,113.3164551
101715,42,M,College,Single,$120k+,189000,11/30/2022,24,16200,0.284507811,757,0,0,0,0,0,16105.86112,0.062187462,92.18053084,0,0,100,192.1805308,0,0,0.05,230.4513271,-46.46791541,238.6484462,2452.27968,238.6484462
101715,42,M,College,Single,$120k+,189000,12/31/2022,25,16200,0.340142804,755,0,0,0,0,0,15126.40859,0.062187462,110.2062685,0,0,0,110.2062685,0,0,0.05,275.5156712,45.06434411,65.14192438,2517.421604,65.14192438
101715,43,M,College,Single,$120k+,189000,1/31/2023,26,16200,0.348615395,755,0,0,0,0,0,14146.95605,0.062187462,112.9513881,0,0,0,112.9513881,0,0,0.05,282.3784703,6.862799124,106.088589,2623.510193,106.088589
101715,43,M,College,Single,$120k+,189000,2/28/2023,27,16200,0.326988222,755,0,0,0,0,0,13167.50352,0.062187462,105.9441838,0,0,0,105.9441838,0,0,0.05,264.8604595,-17.5180108,123.4621946,2746.972388,123.4621946
101715,43,M,College,Single,$120k+,189000,3/31/2023,28,16200,0.343160523,755,0,0,0,0,0,12188.05099,0.062187462,111.1840095,0,0,0,111.1840095,0,0,0.05,277.9600237,13.09956418,98.08444531,2845.056833,98.08444531
101715,43,M,College,Single,$120k+,189000,4/30/2023,29,16200,0.293577571,757,0,0,0,0,0,11208.59845,0.062187462,95.11913292,0,0,0,95.11913292,0,0,0.05,237.7978323,-40.16219141,135.2813243,2980.338158,135.2813243
101715,43,M,College,Single,$120k+,189000,5/31/2023,30,16200,0.299384109,757,0,0,0,0,0,10229.14592,0.062187462,97.00045132,0,0,0,97.00045132,0,0,0.05,242.5011283,4.703295993,92.29715532,3072.635313,92.29715532
101715,43,M,College,Single,$120k+,189000,6/30/2023,31,16200,0.323741722,756,0,0,0,0,0,9249.693388,0.062187462,104.8923179,0,0,0,104.8923179,0,0,0.05,262.2307948,19.72966652,85.1626514,3157.797964,85.1626514
101715,43,M,College,Single,$120k+,189000,7/31/2023,32,16200,0.298236143,757,0,0,0,0,0,8270.240855,0.062187462,96.62851037,0,0,0,96.62851037,0,0,0.05,241.5712759,-20.65951888,117.2880292,3275.085994,117.2880292
101715,43,M,College,Single,$120k+,189000,8/31/2023,33,16200,0.323436223,756,0,0,0,0,0,7290.788322,0.062187462,104.7933364,0,0,0,104.7933364,0,0,0.05,261.983341,20.41206507,84.38127133,3359.467265,84.38127133
101715,43,M,College,Single,$120k+,189000,9/30/2023,34,16200,0.292945457,757,0,0,0,0,0,6311.335788,0.062187462,94.91432795,0,0,0,94.91432795,0,0,0.05,237.2858199,-24.69752114,119.6118491,3479.079114,119.6118491
101715,43,M,College,Single,$120k+,189000,10/31/2023,35,16200,0.312611439,756,0,0,0,0,0,5331.883255,0.062187462,101.2861062,0,0,0,101.2861062,0,0,0.05,253.2152655,15.92944568,85.35666054,3564.435775,85.35666054
101715,43,M,College,Single,$120k+,189000,11/30/2023,36,16200,0.331935993,755,0,0,0,0,0,4352.430722,0.062187462,107.5472618,0,0,100,207.5472618,0,0,0.05,268.8681545,15.652889,191.8943728,3756.330147,191.8943728
101715,43,M,College,Single,$120k+,189000,12/31/2023,37,16200,0.324588906,756,0,0,0,0,0,3372.978188,0.062187462,105.1668056,0,0,0,105.1668056,0,0,0.05,262.9170141,-5.951140479,111.1179461,3867.448094,111.1179461
101715,44,M,College,Single,Less than $40k,0,1/31/2024,38,16200,0.213199039,760,2,1,1,0,3108.441995,9589.862178,8.4,3.453824438,0,63.74896457,0,67.20278901,0.1,0.25,0.65,2244.985885,1982.068871,-1914.866082,1952.582012,-1914.866082
101715,44,M,College,Single,Less than $40k,0,2/29/2024,39,16200,0.21975175,760,2,1,1,0,3203.980516,8801.486688,8.6,3.559978351,0,65.70830042,0,69.26827877,0.1,0.25,0.65,2313.985928,69.0000434,0.26823537,1952.850247,0.26823537
101715,44,M,College,Single,Less than $40k,0,3/31/2024,40,16200,0.612519145,728,2,1,1,0,8930.529135,19275.13139,8.8,9.92281015,0,183.1502683,0,193.0730785,0.1,0.25,0.65,6449.826598,4135.840669,-3942.767591,-1989.917344,-3942.767591
101715,44,M,College,Single,Less than $40k,0,4/30/2024,41,16200,0.816425578,712,2,1,1,0,11903.48493,24241.59044,9,13.22609436,0,244.1206367,0,257.3467311,0.1,0.25,0.65,8596.961336,2147.134738,-1889.788007,-3879.705351,-1889.788007
101715,44,M,College,Single,Less than $40k,0,5/31/2024,42,16200,0.997407275,704,2,2,1,0,16157.99786,31771.16377,9.2,16.15799786,0,331.3736061,0,347.5316039,0.15,0.25,0.85,13734.29818,5137.336844,-4789.80524,-8669.510591,-4789.80524
101715,44,M,College,Single,Less than $40k,0,6/30/2024,43,16200,0.982608072,704,2,2,1,0,15918.25077,30312.21706,9.4,15.91825077,0,326.4567928,0,342.3750436,0.15,0.25,0.85,13530.51315,-203.7850264,546.16007,-8123.350521,546.16007
101715,44,M,College,Single,Less than $40k,0,7/31/2024,44,16200,0.999263429,704,2,2,1,0,16188.06755,29872.39808,9.6,16.18806755,0,331.9902853,0,348.1783528,0.15,0.25,0.85,13759.85742,229.3442619,118.8340909,-8004.51643,118.8340909
101715,44,M,College,Single,Less than $40k,0,8/31/2024,45,16200,0.992166179,704,2,2,1,0,16073.09209,28662.99464,9.8,16.07309209,0,329.6323303,0,345.7054224,0.15,0.25,0.85,13662.12828,-97.72913659,443.434559,-7561.081871,443.434559
101715,44,M,College,Single,Less than $40k,0,9/30/2024,46,16200,0.98297146,704,2,2,1,0,15924.13765,27385.63323,10,15.92413765,0,326.577523,0,342.5016607,0.15,0.25,0.85,13535.517,-126.6112743,469.112935,-7091.968936,469.112935
101715,44,M,College,Single,Less than $40k,0,10/31/2024,47,16200,0.990114665,704,2,2,1,0,16039.85757,26637.62052,10.2,16.03985757,0,328.9507456,0,344.9906032,0.15,0.25,0.85,13633.87893,98.36192804,246.6286751,-6845.340261,246.6286751
101716,40,M,College,Single,$120k+,189000,12/31/2020,1,15300,0.297096484,757,0,0,1,0,0,38690.88916,0.062219381,90.91152417,0,0,0,90.91152417,0,0,0.05,227.2788104,227.2788104,-136.3672863,-136.3672863,-136.3672863
101716,41,M,College,Single,$120k+,189000,1/31/2021,2,15300,0.286323677,757,0,0,1,0,0,37710.93391,0.062219381,87.6150451,0,0,0,87.6150451,0,0,0.05,219.0376127,-8.241197682,95.85624278,-40.51104347,95.85624278
101716,41,M,College,Single,$120k+,189000,2/28/2021,3,15300,0.302771864,756,0,0,1,0,0,36730.97866,0.062219381,92.64819028,0,0,0,92.64819028,0,0,0.05,231.6204757,12.58286296,80.06532732,39.55428384,80.06532732
101716,41,M,College,Single,$120k+,189000,3/31/2021,4,15300,0.283502991,757,0,0,1,0,0,35751.02341,0.062219381,86.75191511,0,0,0,86.75191511,0,0,0.05,216.8797878,-14.74068792,101.492603,141.0468869,101.492603
101716,41,M,College,Single,$120k+,189000,4/30/2021,5,15300,0.324285505,756,0,0,1,0,0,34771.06817,0.062219381,99.23136447,0,0,0,99.23136447,0,0,0.05,248.0784112,31.1986234,68.03274107,209.0796279,68.03274107
101716,41,M,College,Single,$120k+,189000,5/31/2021,6,15300,0.312337194,756,0,0,1,0,0,33791.11292,0.062219381,95.57518127,0,0,0,95.57518127,0,0,0.05,238.9379532,-9.140458011,104.7156393,313.7952672,104.7156393
101716,41,M,College,Single,$120k+,189000,6/30/2021,7,15300,0.306282937,756,0,0,1,0,0,32811.15767,0.062219381,93.72257883,0,0,0,93.72257883,0,0,0.05,234.3064471,-4.631506089,98.35408492,412.1493521,98.35408492
101716,41,M,College,Single,$120k+,189000,7/31/2021,8,15300,0.319413453,756,0,0,1,0,0,31831.20243,0.062219381,97.74051653,0,0,0,97.74051653,0,0,0.05,244.3512913,10.04484426,87.69567228,499.8450244,87.69567228
101716,41,M,College,Single,$120k+,189000,8/31/2021,9,15300,0.291766545,757,0,0,1,0,0,30851.24718,0.062219381,89.28056268,0,0,0,89.28056268,0,0,0.05,223.2014067,-21.14988464,110.4304473,610.2754717,110.4304473
101716,41,M,College,Single,$120k+,189000,9/30/2021,10,15300,0.320825447,756,0,0,1,0,0,29871.29193,0.062219381,98.17258687,0,0,0,98.17258687,0,0,0.05,245.4314672,22.23006048,75.94252639,686.2179981,75.94252639
101716,41,M,College,Single,$120k+,189000,10/31/2021,11,15300,0.32509772,755,0,0,1,0,0,28891.33668,0.062219381,99.47990235,0,0,0,99.47990235,0,0,0.05,248.6997559,3.268288703,96.21161365,782.4296118,96.21161365
101716,41,M,College,Single,$120k+,189000,11/30/2021,12,15300,0.33168879,755,0,0,1,0,0,27911.38144,0.062219381,101.4967698,0,0,100,201.4967698,0,0,0.05,253.7419244,5.042168496,196.4546013,978.884213,196.4546013
101716,41,M,College,Single,$120k+,189000,12/31/2021,13,15300,0.297843191,757,0,0,0,0,0,26931.42619,0.062219381,91.1400166,0,0,0,91.1400166,0,0,0.05,227.8500415,-25.89188288,117.0318995,1095.916113,117.0318995
101716,42,M,College,Single,$120k+,189000,1/31/2022,14,15300,0.298560939,757,0,0,0,0,0,25951.47094,0.062219381,91.35964727,0,0,0,91.35964727,0,0,0.05,228.3991182,0.549076676,90.81057059,1186.726683,90.81057059
101716,42,M,College,Single,$120k+,189000,2/28/2022,15,15300,0.315219416,756,0,0,0,0,0,24971.51569,0.062219381,96.45714138,0,0,0,96.45714138,0,0,0.05,241.1428534,12.74373527,83.71340611,1270.440089,83.71340611
101716,42,M,College,Single,$120k+,189000,3/31/2022,16,15300,0.320994547,756,0,0,0,0,0,23991.56045,0.062219381,98.22433149,0,0,0,98.22433149,0,0,0.05,245.5608287,4.417975275,93.80635621,1364.246445,93.80635621
101716,42,M,College,Single,$120k+,189000,4/30/2022,17,15300,0.308577765,756,0,0,0,0,0,23011.6052,0.062219381,94.42479602,0,0,0,94.42479602,0,0,0.05,236.0619901,-9.498838657,103.9236347,1468.17008,103.9236347
101716,42,M,College,Single,$120k+,189000,5/31/2022,18,15300,0.322977105,756,0,0,0,0,0,22031.64995,0.062219381,98.83099417,0,0,0,98.83099417,0,0,0.05,247.0774854,11.01549537,87.8154988,1555.985579,87.8154988
101716,42,M,College,Single,$120k+,189000,6/30/2022,19,15300,0.316495964,756,0,0,0,0,0,21051.6947,0.062219381,96.84776496,0,0,0,96.84776496,0,0,0.05,242.1194124,-4.958073023,101.805838,1657.791417,101.805838
101716,42,M,College,Single,$120k+,189000,7/31/2022,20,15300,0.298988188,757,0,0,0,0,0,20071.73946,0.062219381,91.49038558,0,0,0,91.49038558,0,0,0.05,228.725964,-13.39344844,104.883834,1762.675251,104.883834
101716,42,M,College,Single,$120k+,189000,8/31/2022,21,15300,0.308489963,756,0,0,0,0,0,19091.78421,0.062219381,94.39792853,0,0,0,94.39792853,0,0,0.05,235.9948213,7.268857358,87.12907117,1849.804322,87.12907117
101716,42,M,College,Single,$120k+,189000,9/30/2022,22,15300,0.325428638,755,0,0,0,0,0,18111.82896,0.062219381,99.58116316,0,0,0,99.58116316,0,0,0.05,248.9529079,12.95808659,86.62307657,1936.427399,86.62307657
101716,42,M,College,Single,$120k+,189000,10/31/2022,23,15300,0.292769512,757,0,0,0,0,0,17131.87371,0.062219381,89.58747073,0,0,0,89.58747073,0,0,0.05,223.9686768,-24.98423107,114.5717018,2050.9991,114.5717018
101716,42,M,College,Single,$120k+,189000,11/30/2022,24,15300,0.295530159,757,0,0,0,0,0,16151.91847,0.062219381,90.43222859,0,0,100,190.4322286,0,0,0.05,226.0805715,2.111894633,188.320334,2239.319434,188.320334
101716,42,M,College,Single,$120k+,189000,12/31/2022,25,15300,0.304567449,756,0,0,0,0,0,15171.96322,0.062219381,93.19763947,0,0,0,93.19763947,0,0,0.05,232.9940987,6.913527218,86.28411225,2325.603547,86.28411225
101716,43,M,College,Single,$120k+,189000,1/31/2023,26,15300,0.349855234,755,0,0,0,0,0,14192.00797,0.062219381,107.0557017,0,0,0,107.0557017,0,0,0.05,267.6392543,34.64515563,72.41054609,2398.014093,72.41054609
101716,43,M,College,Single,$120k+,189000,2/28/2023,27,15300,0.287634584,757,0,0,0,0,0,13212.05272,0.062219381,88.01618256,0,0,0,88.01618256,0,0,0.05,220.0404564,-47.59879792,135.6149805,2533.629073,135.6149805
101716,43,M,College,Single,$120k+,189000,3/31/2023,28,15300,0.341171149,755,0,0,0,0,0,12232.09748,0.062219381,104.3983717,0,0,0,104.3983717,0,0,0.05,260.9959293,40.95547295,63.44289879,2597.071972,63.44289879
101716,43,M,College,Single,$120k+,189000,4/30/2023,29,15300,0.347207962,755,0,0,0,0,0,11252.14223,0.062219381,106.2456365,0,0,0,106.2456365,0,0,0.05,265.6140913,4.618161958,101.6274746,2698.699447,101.6274746
101716,43,M,College,Single,$120k+,189000,5/31/2023,30,15300,0.319321272,756,0,0,0,0,0,10272.18698,0.062219381,97.71230911,0,0,0,97.71230911,0,0,0.05,244.2807728,-21.33331852,119.0456276,2817.745074,119.0456276
101716,43,M,College,Single,$120k+,189000,6/30/2023,31,15300,0.339435381,755,0,0,0,0,0,9292.231735,0.062219381,103.8672267,0,0,0,103.8672267,0,0,0.05,259.6680667,15.38729395,88.47993274,2906.225007,88.47993274
101716,43,M,College,Single,$120k+,189000,7/31/2023,32,15300,0.327024339,755,0,0,0,0,0,8312.276487,0.062219381,100.0694478,0,0,0,100.0694478,0,0,0.05,250.1736195,-9.49444728,109.5638951,3015.788902,109.5638951
101716,43,M,College,Single,$120k+,189000,8/31/2023,33,15300,0.29905477,757,0,0,0,0,0,7332.32124,0.062219381,91.51075955,0,0,0,91.51075955,0,0,0.05,228.7768989,-21.39672058,112.9074801,3128.696382,112.9074801
101716,43,M,College,Single,$120k+,189000,9/30/2023,34,15300,0.327328042,755,0,0,0,0,0,6352.365993,0.062219381,100.1623809,0,0,0,100.1623809,0,0,0.05,250.4059522,21.62905337,78.53332753,3207.22971,78.53332753
101716,43,M,College,Single,$120k+,189000,10/31/2023,35,15300,0.294893085,757,0,0,0,0,0,5372.410745,0.062219381,90.2372839,0,0,0,90.2372839,0,0,0.05,225.5932098,-24.81274248,115.0500264,3322.279736,115.0500264
101716,43,M,College,Single,$120k+,189000,11/30/2023,36,15300,0.333824544,755,0,0,0,0,0,4392.455498,0.062219381,102.1503104,0,0,100,202.1503104,0,0,0.05,255.3757761,29.78256633,172.3677441,3494.64748,172.3677441
101716,43,M,College,Single,$120k+,189000,12/31/2023,37,15300,0.349885987,755,0,0,0,0,0,3412.50025,0.062219381,107.0651121,0,0,0,107.0651121,0,0,0.05,267.6627802,12.28700415,94.77810794,3589.425588,94.77810794
101716,44,M,College,Single,Less than $40k,0,1/31/2024,38,15300,0.211594744,760,2,1,1,0,2913.659618,9239.819487,8.4,3.237399576,0,59.75430268,0,62.99170225,0.1,0.25,0.65,2104.309724,1836.646944,-1773.655242,1815.770346,-1773.655242
101716,44,M,College,Single,Less than $40k,0,2/29/2024,39,15300,0.214900457,760,2,1,1,0,2959.179292,8350.903588,8.6,3.287976992,0,60.68783532,0,63.97581231,0.1,0.25,0.65,2137.185045,32.87532009,31.10049223,1846.870838,31.10049223
101716,44,M,College,Single,Less than $40k,0,3/31/2024,40,15300,0.617246791,728,2,1,1,0,8499.488315,18451.56639,8.8,9.443875905,0,174.3103395,0,183.7542154,0.1,0.25,0.65,6138.519339,4001.334294,-3817.580079,-1970.70924,-3817.580079
101716,44,M,College,Single,Less than $40k,0,4/30/2024,41,15300,0.815527977,712,2,1,1,0,11229.82025,22932.27501,9,12.47757805,0,230.3048969,0,242.782475,0.1,0.25,0.65,8110.425735,1971.906397,-1729.123922,-3699.833162,-1729.123922
101716,44,M,College,Single,Less than $40k,0,5/31/2024,42,15300,0.997137232,704,2,2,1,0,15256.19965,30005.07855,9.2,15.25619965,0,312.8792277,0,328.1354274,0.15,0.25,0.85,12967.7697,4857.343964,-4529.208537,-8229.041698,-4529.208537
101716,44,M,College,Single,Less than $40k,0,6/30/2024,43,15300,0.983975931,704,2,2,1,0,15054.83174,28622.3875,9.4,15.05483174,0,308.7495076,0,323.8043394,0.15,0.25,0.85,12796.60698,-171.1627184,494.9670578,-7734.074641,494.9670578
101716,44,M,College,Single,Less than $40k,0,7/31/2024,44,15300,0.983430298,704,2,2,1,0,15046.48355,27625.73587,9.6,15.04648355,0,308.5783002,0,323.6247837,0.15,0.25,0.85,12789.51102,-7.09596161,330.7207453,-7403.353895,330.7207453
101716,44,M,College,Single,Less than $40k,0,8/31/2024,45,15300,0.987443045,704,2,2,1,0,15107.87859,26768.5707,9.8,15.10787859,0,309.8374101,0,324.9452887,0.15,0.25,0.85,12841.6968,52.18578344,272.7595053,-7130.59439,272.7595053
101716,44,M,College,Single,Less than $40k,0,9/30/2024,46,15300,0.989967818,704,2,2,1,0,15146.50761,25865.8735,10,15.14650761,0,310.629627,0,325.7761346,0.15,0.25,0.85,12874.53147,32.8346699,292.9414647,-6837.652925,292.9414647
101716,44,M,College,Single,Less than $40k,0,10/31/2024,47,15300,0.982557378,704,2,2,1,0,15033.12789,24659.1588,10.2,15.03312789,0,308.3043978,0,323.3375257,0.15,0.25,0.85,12778.15871,-96.37276582,419.7102915,-6417.942634,419.7102915
101717,40,M,College,Single,$120k+,189000,12/31/2020,1,15600,0.296240566,757,0,0,1,0,0,38664.93173,0.05812891,92.42705674,0,0,0,92.42705674,0,0,0.05,231.0676419,231.0676419,-138.6405851,-138.6405851,-138.6405851
101717,41,M,College,Single,$120k+,189000,1/31/2021,2,15600,0.349888137,755,0,0,1,0,0,37749.4014,0.05812891,109.1650989,0,0,0,109.1650989,0,0,0.05,272.9127472,41.84510536,67.31999353,-71.32059159,67.31999353
101717,41,M,College,Single,$120k+,189000,2/28/2021,3,15600,0.321366835,756,0,0,1,0,0,36833.87108,0.05812891,100.2664524,0,0,0,100.2664524,0,0,0.05,250.6661309,-22.24661628,122.5130687,51.19247707,122.5130687
101717,41,M,College,Single,$120k+,189000,3/31/2021,4,15600,0.347077896,755,0,0,1,0,0,35918.34075,0.05812891,108.2883037,0,0,0,108.2883037,0,0,0.05,270.7207592,20.05462822,88.23367545,139.4261525,88.23367545
101717,41,M,College,Single,$120k+,189000,4/30/2021,5,15600,0.332624371,755,0,0,1,0,0,35002.81043,0.05812891,103.7788038,0,0,0,103.7788038,0,0,0.05,259.4470095,-11.27374962,115.0525534,254.4787059,115.0525534
101717,41,M,College,Single,$120k+,189000,5/31/2021,6,15600,0.329851873,755,0,0,1,0,0,34087.2801,0.05812891,102.9137845,0,0,0,102.9137845,0,0,0.05,257.2844613,-2.162548234,105.0763328,359.5550387,105.0763328
101717,41,M,College,Single,$120k+,189000,6/30/2021,7,15600,0.292052267,757,0,0,1,0,0,33171.74978,0.05812891,91.12030734,0,0,0,91.12030734,0,0,0.05,227.8007683,-29.48369297,120.6040003,480.159039,120.6040003
101717,41,M,College,Single,$120k+,189000,7/31/2021,8,15600,0.318073125,756,0,0,1,0,0,32256.21945,0.05812891,99.23881487,0,0,0,99.23881487,0,0,0.05,248.0970372,20.29626883,78.94254604,559.1015851,78.94254604
101717,41,M,College,Single,$120k+,189000,8/31/2021,9,15600,0.31246637,756,0,0,1,0,0,31340.68913,0.05812891,97.4895075,0,0,0,97.4895075,0,0,0.05,243.7237687,-4.373268433,101.8627759,660.964361,101.8627759
101717,41,M,College,Single,$120k+,189000,9/30/2021,10,15600,0.293587842,757,0,0,1,0,0,30425.1588,0.05812891,91.59940682,0,0,0,91.59940682,0,0,0.05,228.9985171,-14.72525169,106.3246585,767.2890195,106.3246585
101717,41,M,College,Single,$120k+,189000,10/31/2021,11,15600,0.326405454,755,0,0,1,0,0,29509.62848,0.05812891,101.8385018,0,0,0,101.8385018,0,0,0.05,254.5962545,25.59773741,76.24076438,843.5297839,76.24076438
101717,41,M,College,Single,$120k+,189000,11/30/2021,12,15600,0.281010346,757,0,0,1,0,0,28594.09815,0.05812891,87.67522802,0,0,100,187.675228,0,0,0.05,219.18807,-35.40818441,223.0834124,1066.613196,223.0834124
101717,41,M,College,Single,$120k+,189000,12/31/2021,13,15600,0.297878136,757,0,0,0,0,0,27678.56783,0.05812891,92.93797839,0,0,0,92.93797839,0,0,0.05,232.344946,13.15687593,79.78110246,1146.394299,79.78110246
101717,42,M,College,Single,$120k+,189000,1/31/2022,14,15600,0.341471866,755,0,0,0,0,0,26763.0375,0.05812891,106.5392221,0,0,0,106.5392221,0,0,0.05,266.3480551,34.00310915,72.5361129,1218.930412,72.5361129
101717,42,M,College,Single,$120k+,189000,2/28/2022,15,15600,0.299653449,757,0,0,0,0,0,25847.50718,0.05812891,93.49187594,0,0,0,93.49187594,0,0,0.05,233.7296898,-32.61836529,126.1102412,1345.040653,126.1102412
101717,42,M,College,Single,$120k+,189000,3/31/2022,16,15600,0.349693521,755,0,0,0,0,0,24931.97685,0.05812891,109.1043785,0,0,0,109.1043785,0,0,0.05,272.7609462,39.03125634,70.07312213,1415.113775,70.07312213
101717,42,M,College,Single,$120k+,189000,4/30/2022,17,15600,0.324395149,756,0,0,0,0,0,24016.44653,0.05812891,101.2112866,0,0,0,101.2112866,0,0,0.05,253.0282166,-19.73272963,120.9440162,1536.057791,120.9440162
101717,42,M,College,Single,$120k+,189000,5/31/2022,18,15600,0.349015041,755,0,0,0,0,0,23100.9162,0.05812891,108.8926928,0,0,0,108.8926928,0,0,0.05,272.2317321,19.20351555,89.68917729,1625.746969,89.68917729
101717,42,M,College,Single,$120k+,189000,6/30/2022,19,15600,0.293209782,757,0,0,0,0,0,22185.38588,0.05812891,91.48145203,0,0,0,91.48145203,0,0,0.05,228.7036301,-43.52810203,135.0095541,1760.756523,135.0095541
101717,42,M,College,Single,$120k+,189000,7/31/2022,20,15600,0.287549025,757,0,0,0,0,0,21269.85555,0.05812891,89.71529578,0,0,0,89.71529578,0,0,0.05,224.2882395,-4.415390618,94.1306864,1854.887209,94.1306864
101717,42,M,College,Single,$120k+,189000,8/31/2022,21,15600,0.295912463,757,0,0,0,0,0,20354.32523,0.05812891,92.32468844,0,0,0,92.32468844,0,0,0.05,230.8117211,6.523481657,85.80120679,1940.688416,85.80120679
101717,42,M,College,Single,$120k+,189000,9/30/2022,22,15600,0.281836387,757,0,0,0,0,0,19438.7949,0.05812891,87.93295275,0,0,0,87.93295275,0,0,0.05,219.8323819,-10.97933923,98.91229198,2039.600708,98.91229198
101717,42,M,College,Single,$120k+,189000,10/31/2022,23,15600,0.292174765,757,0,0,0,0,0,18523.26457,0.05812891,91.15852672,0,0,0,91.15852672,0,0,0.05,227.8963168,8.063934918,83.0945918,2122.6953,83.0945918
101717,42,M,College,Single,$120k+,189000,11/30/2022,24,15600,0.325681518,755,0,0,0,0,0,17607.73425,0.05812891,101.6126337,0,0,100,201.6126337,0,0,0.05,254.0315842,26.13526738,175.4773663,2298.172666,175.4773663
101717,42,M,College,Single,$120k+,189000,12/31/2022,25,15600,0.322268295,756,0,0,0,0,0,16692.20392,0.05812891,100.547708,0,0,0,100.547708,0,0,0.05,251.36927,-2.662314127,103.2100221,2401.382688,103.2100221
101717,43,M,College,Single,$120k+,189000,1/31/2023,26,15600,0.322052743,756,0,0,0,0,0,15776.6736,0.05812891,100.4804557,0,0,0,100.4804557,0,0,0.05,251.2011392,-0.168130811,100.6485865,2502.031275,100.6485865
101717,43,M,College,Single,$120k+,189000,2/28/2023,27,15600,0.288504288,757,0,0,0,0,0,14861.14327,0.05812891,90.01333794,0,0,0,90.01333794,0,0,0.05,225.0333449,-26.16779438,116.1811323,2618.212407,116.1811323
101717,43,M,College,Single,$120k+,189000,3/31/2023,28,15600,0.322158172,756,0,0,0,0,0,13945.61295,0.05812891,100.5133496,0,0,0,100.5133496,0,0,0.05,251.2833741,26.25002925,74.26332039,2692.475727,74.26332039
101717,43,M,College,Single,$120k+,189000,4/30/2023,29,15600,0.347350287,755,0,0,0,0,0,13030.08262,0.05812891,108.3732896,0,0,0,108.3732896,0,0,0.05,270.9332241,19.64984996,88.72343967,2781.199167,88.72343967
101717,43,M,College,Single,$120k+,189000,5/31/2023,30,15600,0.288453066,757,0,0,0,0,0,12114.5523,0.05812891,89.99735649,0,0,0,89.99735649,0,0,0.05,224.9933912,-45.93983284,135.9371893,2917.136356,135.9371893
101717,43,M,College,Single,$120k+,189000,6/30/2023,31,15600,0.287832154,757,0,0,0,0,0,11199.02197,0.05812891,89.80363209,0,0,0,89.80363209,0,0,0.05,224.5090802,-0.484311007,90.2879431,3007.424299,90.2879431
101717,43,M,College,Single,$120k+,189000,7/31/2023,32,15600,0.284187683,757,0,0,0,0,0,10283.49165,0.05812891,88.66655705,0,0,0,88.66655705,0,0,0.05,221.6663926,-2.842687607,91.50924465,3098.933544,91.50924465
101717,43,M,College,Single,$120k+,189000,8/31/2023,33,15600,0.320823106,756,0,0,0,0,0,9367.961323,0.05812891,100.0968091,0,0,0,100.0968091,0,0,0.05,250.2420227,28.5756301,71.52117898,3170.454723,71.52117898
101717,43,M,College,Single,$120k+,189000,9/30/2023,34,15600,0.323687303,756,0,0,0,0,0,8452.430998,0.05812891,100.9904385,0,0,0,100.9904385,0,0,0.05,252.4760962,2.234073527,98.75636497,3269.211088,98.75636497
101717,43,M,College,Single,$120k+,189000,10/31/2023,35,15600,0.330768448,755,0,0,0,0,0,7536.900673,0.05812891,103.1997557,0,0,0,103.1997557,0,0,0.05,257.9993892,5.523292954,97.67646273,3366.887551,97.67646273
101717,43,M,College,Single,$120k+,189000,11/30/2023,36,15600,0.337492501,755,0,0,0,0,0,6621.370348,0.05812891,105.2976602,0,0,100,205.2976602,0,0,0.05,263.2441505,5.244761301,200.0528989,3566.94045,200.0528989
101717,43,M,College,Single,$120k+,189000,12/31/2023,37,15600,0.339357378,755,0,0,0,0,0,5705.840023,0.05812891,105.8795019,0,0,0,105.8795019,0,0,0.05,264.6987548,1.454604334,104.4248976,3671.365347,104.4248976
101717,44,M,College,Single,Less than $40k,0,1/31/2024,38,15600,0.212604597,760,2,1,1,0,2984.968546,11675.77712,8.4,3.316631718,0,61.21672994,0,64.53336166,0.1,0.25,0.65,2155.810617,1891.111862,-1826.5785,1844.786847,-1826.5785
101717,44,M,College,Single,Less than $40k,0,2/29/2024,39,15600,0.213793069,760,2,1,1,0,3001.654691,10793.61908,8.6,3.335171879,0,61.55893496,0,64.89410684,0.1,0.25,0.65,2167.861722,12.05110463,52.84300221,1897.629849,52.84300221
101717,44,M,College,Single,Less than $40k,0,3/31/2024,40,15600,0.611428474,728,2,1,1,0,8584.455771,21043.69091,8.8,9.53828419,0,176.0528804,0,185.5911646,0.1,0.25,0.65,6199.884723,4032.023002,-3846.431837,-1948.801988,-3846.431837
101717,44,M,College,Single,Less than $40k,0,4/30/2024,41,15600,0.818062282,712,2,1,1,0,11485.59444,25930.43794,9,12.7617716,0,235.5503994,0,248.312171,0.1,0.25,0.65,8295.151543,2095.26682,-1846.954649,-3795.756637,-1846.954649
101717,44,M,College,Single,Less than $40k,0,5/31/2024,42,15600,0.992047769,704,2,2,1,0,15475.94519,32995.6091,9.2,15.47594519,0,317.3858426,0,332.8617878,0.15,0.25,0.85,13154.55341,4859.40187,-4526.540082,-8322.296719,-4526.540082
101717,44,M,College,Single,Less than $40k,0,6/30/2024,43,15600,0.996099697,704,2,2,1,0,15539.15527,32206.49894,9.4,15.53915527,0,318.6821761,0,334.2213313,0.15,0.25,0.85,13208.28198,53.72856957,280.4927618,-8041.803957,280.4927618
101717,44,M,College,Single,Less than $40k,0,7/31/2024,44,15600,0.98540716,704,2,2,1,0,15372.3517,30957.36148,9.6,15.3723517,0,315.2613129,0,330.6336646,0.15,0.25,0.85,13066.49895,-141.7830342,472.4166988,-7569.387258,472.4166988
101717,44,M,College,Single,Less than $40k,0,8/31/2024,45,15600,0.993973395,704,2,2,1,0,15505.98495,30309.09765,9.8,15.50598495,0,318.0019081,0,333.5078931,0.15,0.25,0.85,13180.08721,113.5882632,219.9196299,-7349.467628,219.9196299
101717,44,M,College,Single,Less than $40k,0,9/30/2024,46,15600,0.99849608,704,2,2,1,0,15576.53885,29534.67512,10,15.57653885,0,319.4488509,0,335.0253898,0.15,0.25,0.85,13240.05802,59.97081085,275.0545789,-7074.413049,275.0545789
101717,44,M,College,Single,Less than $40k,0,10/31/2024,47,15600,0.993281097,704,2,2,1,0,15495.18512,28456.43733,10.2,15.49518512,0,317.7804214,0,333.2756066,0.15,0.25,0.85,13170.90735,-69.15067257,402.4262791,-6671.98677,402.4262791
101718,40,M,College,Single,$120k+,189000,12/31/2020,1,14500,0.316588826,756,0,0,1,0,0,38649.62326,0.059759372,91.81075944,0,0,0,91.81075944,0,0,0.05,229.5268986,229.5268986,-137.7161392,-137.7161392,-137.7161392
101718,41,M,College,Single,$120k+,189000,1/31/2021,2,14500,0.3280111,755,0,0,1,0,0,37708.41315,0.059759372,95.12321898,0,0,0,95.12321898,0,0,0.05,237.8080475,8.28114886,86.84207012,-50.87406903,86.84207012
101718,41,M,College,Single,$120k+,189000,2/28/2021,3,14500,0.345083715,755,0,0,1,0,0,36767.20304,0.059759372,100.0742774,0,0,0,100.0742774,0,0,0.05,250.1856934,12.37764594,87.69663141,36.82256238,87.69663141
101718,41,M,College,Single,$120k+,189000,3/31/2021,4,14500,0.343144076,755,0,0,1,0,0,35825.99294,0.059759372,99.51178207,0,0,0,99.51178207,0,0,0.05,248.7794552,-1.406238226,100.9180203,137.7405827,100.9180203
101718,41,M,College,Single,$120k+,189000,4/30/2021,5,14500,0.336924888,755,0,0,1,0,0,34884.78283,0.059759372,97.70821757,0,0,0,97.70821757,0,0,0.05,244.2705439,-4.508911241,102.2171288,239.9577115,102.2171288
101718,41,M,College,Single,$120k+,189000,5/31/2021,6,14500,0.288659299,757,0,0,1,0,0,33943.57273,0.059759372,83.71119684,0,0,0,83.71119684,0,0,0.05,209.2779921,-34.99255182,118.7037487,358.6614601,118.7037487
101718,41,M,College,Single,$120k+,189000,6/30/2021,7,14500,0.307204178,756,0,0,1,0,0,33002.36262,0.059759372,89.08921173,0,0,0,89.08921173,0,0,0.05,222.7230293,13.44503721,75.64417451,434.3056347,75.64417451
101718,41,M,College,Single,$120k+,189000,7/31/2021,8,14500,0.33277169,755,0,0,1,0,0,32061.15251,0.059759372,96.50378999,0,0,0,96.50378999,0,0,0.05,241.259475,18.53644566,77.96734433,512.272979,77.96734433
101718,41,M,College,Single,$120k+,189000,8/31/2021,9,14500,0.341914114,755,0,0,1,0,0,31119.94241,0.059759372,99.15509316,0,0,0,99.15509316,0,0,0.05,247.8877329,6.628257932,92.52683523,604.7998142,92.52683523
101718,41,M,College,Single,$120k+,189000,9/30/2021,10,14500,0.305832954,756,0,0,1,0,0,30178.7323,0.059759372,88.69155672,0,0,0,88.69155672,0,0,0.05,221.7288918,-26.15884111,114.8503978,719.6502121,114.8503978
101718,41,M,College,Single,$120k+,189000,10/31/2021,11,14500,0.340164901,755,0,0,1,0,0,29237.52219,0.059759372,98.64782126,0,0,0,98.64782126,0,0,0.05,246.6195531,24.89066134,73.75715991,793.407372,73.75715991
101718,41,M,College,Single,$120k+,189000,11/30/2021,12,14500,0.339313172,755,0,0,1,0,0,28296.31209,0.059759372,98.40081994,0,0,100,198.4008199,0,0,0.05,246.0020498,-0.617503296,199.0183232,992.4256952,199.0183232
101718,41,M,College,Single,$120k+,189000,12/31/2021,13,14500,0.315844592,756,0,0,0,0,0,27355.10198,0.059759372,91.59493157,0,0,0,91.59493157,0,0,0.05,228.9873289,-17.01472093,108.6096525,1101.035348,108.6096525
101718,42,M,College,Single,$120k+,189000,1/31/2022,14,14500,0.293393422,757,0,0,0,0,0,26413.89187,0.059759372,85.08409229,0,0,0,85.08409229,0,0,0.05,212.7102307,-16.2770982,101.3611905,1202.396538,101.3611905
101718,42,M,College,Single,$120k+,189000,2/28/2022,15,14500,0.34821895,755,0,0,0,0,0,25472.68177,0.059759372,100.9834954,0,0,0,100.9834954,0,0,0.05,252.4587386,39.7485079,61.23498755,1263.631526,61.23498755
101718,42,M,College,Single,$120k+,189000,3/31/2022,16,14500,0.289756971,757,0,0,0,0,0,24531.47166,0.059759372,84.02952165,0,0,0,84.02952165,0,0,0.05,210.0738041,-42.38493449,126.4144561,1390.045982,126.4144561
101718,42,M,College,Single,$120k+,189000,4/30/2022,17,14500,0.335956146,755,0,0,0,0,0,23590.26155,0.059759372,97.42728222,0,0,0,97.42728222,0,0,0.05,243.5682055,33.49440141,63.9328808,1453.978863,63.9328808
101718,42,M,College,Single,$120k+,189000,5/31/2022,18,14500,0.307402544,756,0,0,0,0,0,22649.05145,0.059759372,89.14673774,0,0,0,89.14673774,0,0,0.05,222.8668444,-20.70136119,109.8480989,1563.826962,109.8480989
101718,42,M,College,Single,$120k+,189000,6/30/2022,19,14500,0.31087783,756,0,0,0,0,0,21707.84134,0.059759372,90.15457074,0,0,0,90.15457074,0,0,0.05,225.3864268,2.519582491,87.63498825,1651.46195,87.63498825
101718,42,M,College,Single,$120k+,189000,7/31/2022,20,14500,0.294375362,757,0,0,0,0,0,20766.63124,0.059759372,85.368855,0,0,0,85.368855,0,0,0.05,213.4221375,-11.96428935,97.33314435,1748.795094,97.33314435
101718,42,M,College,Single,$120k+,189000,8/31/2022,21,14500,0.285432747,757,0,0,0,0,0,19825.42113,0.059759372,82.77549669,0,0,0,82.77549669,0,0,0.05,206.9387417,-6.483395775,89.25889246,1838.053987,89.25889246
101718,42,M,College,Single,$120k+,189000,9/30/2022,22,14500,0.312772367,756,0,0,0,0,0,18884.21102,0.059759372,90.7039864,0,0,0,90.7039864,0,0,0.05,226.759966,19.82122427,70.88276212,1908.936749,70.88276212
101718,42,M,College,Single,$120k+,189000,10/31/2022,23,14500,0.292986989,757,0,0,0,0,0,17943.00092,0.059759372,84.96622679,0,0,0,84.96622679,0,0,0.05,212.415567,-14.344399,99.3106258,2008.247375,99.3106258
101718,42,M,College,Single,$120k+,189000,11/30/2022,24,14500,0.308021672,756,0,0,0,0,0,17001.79081,0.059759372,89.32628488,0,0,100,189.3262849,0,0,0.05,223.3157122,10.90014522,178.4261397,2186.673514,178.4261397
101718,42,M,College,Single,$120k+,189000,12/31/2022,25,14500,0.329998189,755,0,0,0,0,0,16060.5807,0.059759372,95.6994749,0,0,0,95.6994749,0,0,0.05,239.2486872,15.93297504,79.76649986,2266.440014,79.76649986
101718,43,M,College,Single,$120k+,189000,1/31/2023,26,14500,0.325261277,755,0,0,0,0,0,15119.3706,0.059759372,94.32577019,0,0,0,94.32577019,0,0,0.05,235.8144255,-3.434261768,97.76003196,2364.200046,97.76003196
101718,43,M,College,Single,$120k+,189000,2/28/2023,27,14500,0.295221229,757,0,0,0,0,0,14178.16049,0.059759372,85.61415648,0,0,0,85.61415648,0,0,0.05,214.0353912,-21.77903428,107.3931908,2471.593237,107.3931908
101718,43,M,College,Single,$120k+,189000,3/31/2023,28,14500,0.302171565,756,0,0,0,0,0,13236.95038,0.059759372,87.62975379,0,0,0,87.62975379,0,0,0.05,219.0743845,5.038993271,82.59076052,2554.183997,82.59076052
101718,43,M,College,Single,$120k+,189000,4/30/2023,29,14500,0.322969411,756,0,0,0,0,0,12295.74028,0.059759372,93.66112912,0,0,0,93.66112912,0,0,0.05,234.1528228,15.07843834,78.58269078,2632.766688,78.58269078
101718,43,M,College,Single,$120k+,189000,5/31/2023,30,14500,0.349052501,755,0,0,0,0,0,11354.53017,0.059759372,101.2252253,0,0,0,101.2252253,0,0,0.05,253.0630632,18.91024039,82.31498489,2715.081673,82.31498489
101718,43,M,College,Single,$120k+,189000,6/30/2023,31,14500,0.324086165,756,0,0,0,0,0,10413.32006,0.059759372,93.98498777,0,0,0,93.98498777,0,0,0.05,234.9624694,-18.10059376,112.0855815,2827.167255,112.0855815
101718,43,M,College,Single,$120k+,189000,7/31/2023,32,14500,0.304581894,756,0,0,0,0,0,9472.109958,0.059759372,88.32874924,0,0,0,88.32874924,0,0,0.05,220.8218731,-14.14059633,102.4693456,2929.6366,102.4693456
101718,43,M,College,Single,$120k+,189000,8/31/2023,33,14500,0.303162669,756,0,0,0,0,0,8530.899851,0.059759372,87.91717391,0,0,0,87.91717391,0,0,0.05,219.7929348,-1.028938323,88.94611223,3018.582712,88.94611223
101718,43,M,College,Single,$120k+,189000,9/30/2023,34,14500,0.34866584,755,0,0,0,0,0,7589.689745,0.059759372,101.1130937,0,0,0,101.1130937,0,0,0.05,252.7827343,32.98979949,68.12329422,3086.706007,68.12329422
101718,43,M,College,Single,$120k+,189000,10/31/2023,35,14500,0.300127519,756,0,0,0,0,0,6648.479639,0.059759372,87.03698041,0,0,0,87.03698041,0,0,0.05,217.592451,-35.19028324,122.2272636,3208.93327,122.2272636
101718,43,M,College,Single,$120k+,189000,11/30/2023,36,14500,0.300773005,756,0,0,0,0,0,5707.269532,0.059759372,87.22417146,0,0,100,187.2241715,0,0,0.05,218.0604287,0.467977635,186.7561938,3395.689464,186.7561938
101718,43,M,College,Single,$120k+,189000,12/31/2023,37,14500,0.29850014,757,0,0,0,0,0,4766.059426,0.059759372,86.56504058,0,0,0,86.56504058,0,0,0.05,216.4126015,-1.647827208,88.21286779,3483.902332,88.21286779
101718,44,M,College,Single,Less than $40k,0,1/31/2024,38,14500,0.215491868,760,2,1,1,0,2812.168878,10390.39718,8.4,3.124632087,0,57.67289674,0,60.79752882,0.1,0.25,0.65,2031.010856,1814.598255,-1753.800726,1730.101606,-1753.800726
101718,44,M,College,Single,Less than $40k,0,2/29/2024,39,14500,0.213613427,760,2,1,1,0,2787.65522,9400.159759,8.6,3.097394689,0,57.17016247,0,60.26755716,0.1,0.25,0.65,2013.306548,-17.70430845,77.97186561,1808.073471,77.97186561
101718,44,M,College,Single,Less than $40k,0,3/31/2024,40,14500,0.617296336,728,2,1,1,0,8055.717188,18995.07359,8.8,8.950796875,0,165.2093333,0,174.1601302,0.1,0.25,0.65,5818.017969,3804.711421,-3630.551291,-1822.477819,-3630.551291
101718,44,M,College,Single,Less than $40k,0,4/30/2024,41,14500,0.817557401,712,2,1,1,0,10669.12408,23280.67727,9,11.85458231,0,218.805953,0,230.6605353,0.1,0.25,0.65,7705.478502,1887.460533,-1656.799998,-3479.277817,-1656.799998
101718,44,M,College,Single,Less than $40k,0,5/31/2024,42,14500,0.988577989,704,2,2,1,0,14334.38085,29669.98069,9.2,14.33438085,0,293.9742605,0,308.3086414,0.15,0.25,0.85,12184.22372,4478.745217,-4170.436576,-7649.714393,-4170.436576
101718,44,M,College,Single,Less than $40k,0,6/30/2024,43,14500,0.988778639,704,2,2,1,0,14337.29026,28734.58942,9.4,14.33729026,0,294.0339278,0,308.371218,0.15,0.25,0.85,12186.69672,2.473002094,305.8982159,-7343.816178,305.8982159
101718,44,M,College,Single,Less than $40k,0,7/31/2024,44,14500,0.983820839,704,2,2,1,0,14265.40216,27649.60311,9.6,14.26540216,0,292.5596227,0,306.8250249,0.15,0.25,0.85,12125.59184,-61.10488246,367.9299073,-6975.88627,367.9299073
101718,44,M,College,Single,Less than $40k,0,8/31/2024,45,14500,0.999382241,704,2,2,1,0,14491.04249,27159.67366,9.8,14.49104249,0,297.1871297,0,311.6781722,0.15,0.25,0.85,12317.38612,191.7942766,119.8838956,-6856.002375,119.8838956
101718,44,M,College,Single,Less than $40k,0,9/30/2024,46,14500,0.982519699,704,2,2,1,0,14246.53564,25729.44985,10,14.24653564,0,292.1727017,0,306.4192374,0.15,0.25,0.85,12109.55529,-207.830823,514.2500604,-6341.752314,514.2500604
101718,44,M,College,Single,Less than $40k,0,10/31/2024,47,14500,0.985433717,704,2,2,1,0,14288.78889,24872.74625,10.2,14.28878889,0,293.0392455,0,307.3280344,0.15,0.25,0.85,12145.47056,35.91526299,271.4127714,-6070.339543,271.4127714
101719,40,M,College,Single,$120k+,189000,12/31/2020,1,15700,0.283554965,757,0,0,1,0,0,38648.52409,0.058207873,89.03625896,0,0,0,89.03625896,0,0,0.05,222.5906474,222.5906474,-133.5543884,-133.5543884,-133.5543884
101719,41,M,College,Single,$120k+,189000,1/31/2021,2,15700,0.301646383,756,0,0,1,0,0,37731.75009,0.058207873,94.7169644,0,0,0,94.7169644,0,0,0.05,236.792411,14.20176361,80.51520079,-53.03918764,80.51520079
101719,41,M,College,Single,$120k+,189000,2/28/2021,3,15700,0.295018364,757,0,0,1,0,0,36814.97609,0.058207873,92.6357664,0,0,0,92.6357664,0,0,0.05,231.589416,-5.202995004,97.8387614,44.79957376,97.8387614
101719,41,M,College,Single,$120k+,189000,3/31/2021,4,15700,0.280114697,757,0,0,1,0,0,35898.20209,0.058207873,87.95601494,0,0,0,87.95601494,0,0,0.05,219.8900374,-11.69937863,99.65539358,144.4549673,99.65539358
101719,41,M,College,Single,$120k+,189000,4/30/2021,5,15700,0.32849263,755,0,0,1,0,0,34981.42808,0.058207873,103.1466858,0,0,0,103.1466858,0,0,0.05,257.8667146,37.97667721,65.17000862,209.624976,65.17000862
101719,41,M,College,Single,$120k+,189000,5/31/2021,6,15700,0.285100096,757,0,0,1,0,0,34064.65408,0.058207873,89.52143022,0,0,0,89.52143022,0,0,0.05,223.8035756,-34.06313901,123.5845692,333.2095452,123.5845692
101719,41,M,College,Single,$120k+,189000,6/30/2021,7,15700,0.33554689,755,0,0,1,0,0,33147.88008,0.058207873,105.3617234,0,0,0,105.3617234,0,0,0.05,263.4043085,39.60073295,65.76099045,398.9705356,65.76099045
101719,41,M,College,Single,$120k+,189000,7/31/2021,8,15700,0.324589122,756,0,0,1,0,0,32231.10608,0.058207873,101.9209844,0,0,0,101.9209844,0,0,0.05,254.802461,-8.601847473,110.5228319,509.4933675,110.5228319
101719,41,M,College,Single,$120k+,189000,8/31/2021,9,15700,0.315832157,756,0,0,1,0,0,31314.33207,0.058207873,99.17129739,0,0,0,99.17129739,0,0,0.05,247.9282435,-6.874217565,106.045515,615.5388825,106.045515
101719,41,M,College,Single,$120k+,189000,9/30/2021,10,15700,0.341504547,755,0,0,1,0,0,30397.55807,0.058207873,107.2324278,0,0,0,107.2324278,0,0,0.05,268.0810695,20.15282605,87.07960176,702.6184842,87.07960176
101719,41,M,College,Single,$120k+,189000,10/31/2021,11,15700,0.334006145,755,0,0,1,0,0,29480.78407,0.058207873,104.8779296,0,0,0,104.8779296,0,0,0.05,262.1948239,-5.886245618,110.7641752,813.3826594,110.7641752
101719,41,M,College,Single,$120k+,189000,11/30/2021,12,15700,0.318741807,756,0,0,1,0,0,28564.01007,0.058207873,100.0849274,0,0,100,200.0849274,0,0,0.05,250.2123186,-11.98250531,212.0674327,1025.450092,212.0674327
101719,41,M,College,Single,$120k+,189000,12/31/2021,13,15700,0.280433799,757,0,0,0,0,0,27647.23606,0.058207873,88.056213,0,0,0,88.056213,0,0,0.05,220.1405325,-30.0717861,118.1279991,1143.578091,118.1279991
101719,42,M,College,Single,$120k+,189000,1/31/2022,14,15700,0.294581014,757,0,0,0,0,0,26730.46206,0.058207873,92.49843833,0,0,0,92.49843833,0,0,0.05,231.2460958,11.10556333,81.392875,1224.970966,81.392875
101719,42,M,College,Single,$120k+,189000,2/28/2022,15,15700,0.298595313,757,0,0,0,0,0,25813.68806,0.058207873,93.75892828,0,0,0,93.75892828,0,0,0.05,234.3973207,3.151224869,90.60770341,1315.57867,90.60770341
101719,42,M,College,Single,$120k+,189000,3/31/2022,16,15700,0.349933287,755,0,0,0,0,0,24896.91406,0.058207873,109.8790521,0,0,0,109.8790521,0,0,0.05,274.6976303,40.30030962,69.57874251,1385.157412,69.57874251
101719,42,M,College,Single,$120k+,189000,4/30/2022,17,15700,0.282523982,757,0,0,0,0,0,23980.14005,0.058207873,88.71253027,0,0,0,88.71253027,0,0,0.05,221.7813257,-52.91630464,141.6288349,1526.786247,141.6288349
101719,42,M,College,Single,$120k+,189000,5/31/2022,18,15700,0.325029971,755,0,0,0,0,0,23063.36605,0.058207873,102.059411,0,0,0,102.059411,0,0,0.05,255.1485276,33.36720194,68.69220911,1595.478456,68.69220911
101719,42,M,College,Single,$120k+,189000,6/30/2022,19,15700,0.281677547,757,0,0,0,0,0,22146.59205,0.058207873,88.44674969,0,0,0,88.44674969,0,0,0.05,221.1168742,-34.0316534,122.4784031,1717.956859,122.4784031
101719,42,M,College,Single,$120k+,189000,7/31/2022,20,15700,0.313651941,756,0,0,0,0,0,21229.81804,0.058207873,98.48670945,0,0,0,98.48670945,0,0,0.05,246.2167736,25.09989941,73.38681004,1791.343669,73.38681004
101719,42,M,College,Single,$120k+,189000,8/31/2022,21,15700,0.339496999,755,0,0,0,0,0,20313.04404,0.058207873,106.6020578,0,0,0,106.6020578,0,0,0.05,266.5051445,20.28837085,86.31368694,1877.657356,86.31368694
101719,42,M,College,Single,$120k+,189000,9/30/2022,22,15700,0.311142641,756,0,0,0,0,0,19396.27004,0.058207873,97.69878943,0,0,0,97.69878943,0,0,0.05,244.2469736,-22.2581709,119.9569603,1997.614317,119.9569603
101719,42,M,College,Single,$120k+,189000,10/31/2022,23,15700,0.321413501,756,0,0,0,0,0,18479.49604,0.058207873,100.9238392,0,0,0,100.9238392,0,0,0.05,252.3095979,8.062624333,92.86121483,2090.475531,92.86121483
101719,42,M,College,Single,$120k+,189000,11/30/2022,24,15700,0.305390076,756,0,0,0,0,0,17562.72203,0.058207873,95.89248372,0,0,100,195.8924837,0,0,0.05,239.7312093,-12.57838862,208.4708723,2298.946404,208.4708723
101719,42,M,College,Single,$120k+,189000,12/31/2022,25,15700,0.302402757,756,0,0,0,0,0,16645.94803,0.058207873,94.95446557,0,0,0,94.95446557,0,0,0.05,237.3861639,-2.345045356,97.29951093,2396.245915,97.29951093
101719,43,M,College,Single,$120k+,189000,1/31/2023,26,15700,0.291234515,757,0,0,0,0,0,15729.17403,0.058207873,91.44763756,0,0,0,91.44763756,0,0,0.05,228.6190939,-8.767070045,100.2147076,2496.460622,100.2147076
101719,43,M,College,Single,$120k+,189000,2/28/2023,27,15700,0.336269187,755,0,0,0,0,0,14812.40003,0.058207873,105.5885247,0,0,0,105.5885247,0,0,0.05,263.9713118,35.35221787,70.23630683,2566.696929,70.23630683
101719,43,M,College,Single,$120k+,189000,3/31/2023,28,15700,0.343097149,755,0,0,0,0,0,13895.62602,0.058207873,107.7325049,0,0,0,107.7325049,0,0,0.05,269.3312622,5.359950432,102.3725544,2669.069484,102.3725544
101719,43,M,College,Single,$120k+,189000,4/30/2023,29,15700,0.284547672,757,0,0,0,0,0,12978.85202,0.058207873,89.34796913,0,0,0,89.34796913,0,0,0.05,223.3699228,-45.96133937,135.3093085,2804.378792,135.3093085
101719,43,M,College,Single,$120k+,189000,5/31/2023,30,15700,0.285786028,757,0,0,0,0,0,12062.07802,0.058207873,89.73681273,0,0,0,89.73681273,0,0,0.05,224.3420318,0.972108988,88.76470374,2893.143496,88.76470374
101719,43,M,College,Single,$120k+,189000,6/30/2023,31,15700,0.30495265,756,0,0,0,0,0,11145.30402,0.058207873,95.75513215,0,0,0,95.75513215,0,0,0.05,239.3878304,15.04579855,80.7093336,2973.852829,80.7093336
101719,43,M,College,Single,$120k+,189000,7/31/2023,32,15700,0.330506811,755,0,0,0,0,0,10228.53001,0.058207873,103.7791386,0,0,0,103.7791386,0,0,0.05,259.4478464,20.06001604,83.71912253,3057.571952,83.71912253
101719,43,M,College,Single,$120k+,189000,8/31/2023,33,15700,0.296893327,757,0,0,0,0,0,9311.75601,0.058207873,93.22450474,0,0,0,93.22450474,0,0,0.05,233.0612618,-26.38658456,119.6110893,3177.183041,119.6110893
101719,43,M,College,Single,$120k+,189000,9/30/2023,34,15700,0.284884616,757,0,0,0,0,0,8394.982008,0.058207873,89.45376935,0,0,0,89.45376935,0,0,0.05,223.6344234,-9.426838473,98.88060782,3276.063649,98.88060782
101719,43,M,College,Single,$120k+,189000,10/31/2023,35,15700,0.322785172,756,0,0,0,0,0,7478.208005,0.058207873,101.3545439,0,0,0,101.3545439,0,0,0.05,253.3863598,29.75193645,71.60260748,3347.666257,71.60260748
101719,43,M,College,Single,$120k+,189000,11/30/2023,36,15700,0.32559484,755,0,0,0,0,0,6561.434002,0.058207873,102.2367798,0,0,100,202.2367798,0,0,0.05,255.5919494,2.205589622,200.0311902,3547.697447,200.0311902
101719,43,M,College,Single,$120k+,189000,12/31/2023,37,15700,0.312025114,756,0,0,0,0,0,5644.66,0.058207873,97.97588572,0,0,0,97.97588572,0,0,0.05,244.9397143,-10.65223515,108.6281209,3656.325568,108.6281209
101719,44,M,College,Single,Less than $40k,0,1/31/2024,38,15700,0.219778544,760,2,1,1,0,3105.470823,11855.60165,8.4,3.450523137,0,63.6880308,0,67.13855394,0.1,0.25,0.65,2242.840039,1997.900325,-1930.761771,1725.563797,-1930.761771
101719,44,M,College,Single,Less than $40k,0,2/29/2024,39,15700,0.215998278,760,2,1,1,0,3052.055664,10831.99733,8.6,3.39117296,0,62.59257491,0,65.98374787,0.1,0.25,0.65,2204.262424,-38.57761496,104.5613628,1830.12516,104.5613628
101719,44,M,College,Single,Less than $40k,0,3/31/2024,40,15700,0.614782719,728,2,1,1,0,8686.879813,21184.87162,8.8,9.652088681,0,178.1534268,0,187.8055155,0.1,0.25,0.65,6273.857643,4069.595219,-3881.789703,-2051.664543,-3881.789703
101719,44,M,College,Single,Less than $40k,0,4/30/2024,41,15700,0.819397389,712,2,1,1,0,11578.0851,26050.50819,9,12.864539,0,237.4472286,0,250.3117676,0.1,0.25,0.65,8361.95035,2088.092707,-1837.78094,-3889.445483,-1837.78094
101719,44,M,College,Single,Less than $40k,0,5/31/2024,42,15700,0.983528122,704,2,2,1,0,15441.39152,32860.34702,9.2,15.44139152,0,316.6772044,0,332.1185959,0.15,0.25,0.85,13125.18279,4763.23244,-4431.113844,-8320.559327,-4431.113844
101719,44,M,College,Single,Less than $40k,0,6/30/2024,43,15700,0.986911129,704,2,2,1,0,15494.50472,32049.79943,9.4,15.49450472,0,317.7664676,0,333.2609724,0.15,0.25,0.85,13170.32901,45.1462227,288.1147497,-8032.444578,288.1147497
101719,44,M,College,Single,Less than $40k,0,7/31/2024,44,15700,0.999637115,704,2,2,1,0,15694.30271,31532.6214,9.6,15.69430271,0,321.8639914,0,337.5582941,0.15,0.25,0.85,13340.1573,169.8282909,167.7300032,-7864.714574,167.7300032
101719,44,M,College,Single,Less than $40k,0,8/31/2024,45,15700,0.996354717,704,2,2,1,0,15642.76905,30512.78008,9.8,15.64276905,0,320.8071219,0,336.449891,0.15,0.25,0.85,13296.35369,-43.80361078,380.2535018,-7484.461073,380.2535018
101719,44,M,College,Single,Less than $40k,0,9/30/2024,46,15700,0.980765651,704,2,2,1,0,15398.02071,29106.50941,10,15.39802071,0,315.7877415,0,331.1857622,0.15,0.25,0.85,13088.31761,-208.0360861,539.2218483,-6945.239224,539.2218483
101719,44,M,College,Single,Less than $40k,0,10/31/2024,47,15700,0.991978716,704,2,2,1,0,15574.06584,28541.82566,10.2,15.57406584,0,319.3981336,0,334.9721995,0.15,0.25,0.85,13237.95596,149.6383577,185.3338417,-6759.905383,185.3338417
